
      <record>
         <leader>00000nz  a2200169   4500</leader>
         <controlfield tag="001">30003331</controlfield>
         <controlfield tag="003">RISM</controlfield>
         <controlfield tag="005">20160216</controlfield>
         <controlfield tag="008">160216n||az|||||||##########||||||||||||</controlfield>
         <datafield tag="040" ind1=" " ind2=" ">
            <subfield code="a">F-Aa</subfield>
         </datafield>
         <datafield tag="043" ind1=" " ind2=" ">
            <subfield code="c">XA-FR</subfield>
         </datafield>
         <datafield tag="110" ind1="2" ind2=" ">
            <subfield code="a">Archives départementales de Vaucluse</subfield>
            <subfield code="c">Avignon</subfield>
            <subfield code="g">F-Aa</subfield>
         </datafield>
         <datafield tag="622" ind1=" " ind2=" ">
            <subfield code="e">Archives départementales de Vaucluse, Palais Apostolique, Place du Palais, F, -84 Avignon</subfield>
         </datafield>
      </record>