
      <record>
         <leader>00000nz  a2200169   4500</leader>
         <controlfield tag="001">30001418</controlfield>
         <controlfield tag="003">RISM</controlfield>
         <controlfield tag="005">20160216</controlfield>
         <controlfield tag="008">160216n||az|||||||##########||||||||||||</controlfield>
         <datafield tag="040" ind1=" " ind2=" ">
            <subfield code="a">F-AG</subfield>
         </datafield>
         <datafield tag="043" ind1=" " ind2=" ">
            <subfield code="c">XA-FR</subfield>
         </datafield>
         <datafield tag="110" ind1="2" ind2=" ">
            <subfield code="a">Archives Départementales de Lot-et-Garonne</subfield>
            <subfield code="c">Agen</subfield>
            <subfield code="g">F-AG</subfield>
         </datafield>
         <datafield tag="622" ind1=" " ind2=" ">
            <subfield code="e">Archives Départementales, de Lot-et-Garonne, 3 Place de Verdun, 47922 Agen, France</subfield>
            <subfield code="u">http://www.cg47.org/archives/accueil.htm</subfield>
         </datafield>
      </record>