
      <record>
         <leader>00000nz  a2200169   4500</leader>
         <controlfield tag="001">30001421</controlfield>
         <controlfield tag="003">RISM</controlfield>
         <controlfield tag="005">20160216</controlfield>
         <controlfield tag="008">160216n||az|||||||##########||||||||||||</controlfield>
         <datafield tag="040" ind1=" " ind2=" ">
            <subfield code="a">F-AIXmc</subfield>
         </datafield>
         <datafield tag="043" ind1=" " ind2=" ">
            <subfield code="c">XA-FR</subfield>
         </datafield>
         <datafield tag="110" ind1="2" ind2=" ">
            <subfield code="a">Bibliothèque de la Maîtrise de la Cathédrale</subfield>
            <subfield code="c">Aix-en-Provence</subfield>
            <subfield code="g">F-AIXmc</subfield>
         </datafield>
         <datafield tag="410" ind1="2" ind2=" ">
            <subfield code="a">Maîtrise de la Cathédrale</subfield>
         </datafield>
         <datafield tag="622" ind1=" " ind2=" ">
            <subfield code="e">Bibliothèque de la Maîtrise de la, Cathédrale, Rue Jacques De-la-Rocque, F-13 Aix-en, -Provence</subfield>
         </datafield>
      </record>