
      <record>
         <leader>00000nz  a2200169   4500</leader>
         <controlfield tag="001">30078814</controlfield>
         <controlfield tag="003">RISM</controlfield>
         <controlfield tag="005">20160216</controlfield>
         <controlfield tag="008">160216n||az|||||||##########||||||||||||</controlfield>
         <datafield tag="040" ind1=" " ind2=" ">
            <subfield code="a">F-AIXmpa</subfield>
         </datafield>
         <datafield tag="043" ind1=" " ind2=" ">
            <subfield code="c">FR</subfield>
         </datafield>
         <datafield tag="110" ind1="2" ind2=" ">
            <subfield code="a">Musée Paul Arbaud, Bibliothèque</subfield>
            <subfield code="c">Aix-en-Provence</subfield>
            <subfield code="g">F-AIXmpa</subfield>
         </datafield>
         <datafield tag="410" ind1="2" ind2=" ">
            <subfield code="a">Académie des Sciences, Agriculture, Arts et Belles Lettres d'Aix</subfield>
         </datafield>
         <datafield tag="622" ind1=" " ind2=" ">
            <subfield code="e">Musée Paul Arbaud, Bibliothèque, 2a Rue du 4 Septembre, 13100 Aix-en-Provence, France</subfield>
            <subfield code="u">http://www.academiedaix.org/index.php?option=com_content&amp;task=blogcategory&amp;id=39&amp;Itemid=73</subfield>
         </datafield>
      </record>