
      <record>
         <leader>00000nz  a2200169   4500</leader>
         <controlfield tag="001">30070517</controlfield>
         <controlfield tag="003">RISM</controlfield>
         <controlfield tag="005">20160216</controlfield>
         <controlfield tag="008">160216n||az|||||||##########||||||||||||</controlfield>
         <datafield tag="040" ind1=" " ind2=" ">
            <subfield code="a">F-ALBat</subfield>
         </datafield>
         <datafield tag="043" ind1=" " ind2=" ">
            <subfield code="c">XA-FR</subfield>
         </datafield>
         <datafield tag="110" ind1="2" ind2=" ">
            <subfield code="a">Abbaye Notre Dame de Tamié</subfield>
            <subfield code="c">Albertville</subfield>
            <subfield code="g">F-ALBat</subfield>
         </datafield>
         <datafield tag="622" ind1=" " ind2=" ">
            <subfield code="e">Abbaye Notre Dame de Tamie, Plancherine, 73200 Albertville - Savoie, France</subfield>
            <subfield code="u">http://www.abbaye-tamie.com</subfield>
         </datafield>
      </record>