
      <record>
         <leader>00000nz  a2200169   4500</leader>
         <controlfield tag="001">30006121</controlfield>
         <controlfield tag="003">RISM</controlfield>
         <controlfield tag="005">20160216</controlfield>
         <controlfield tag="008">160216n||az|||||||##########||||||||||||</controlfield>
         <datafield tag="040" ind1=" " ind2=" ">
            <subfield code="a">F-ANh</subfield>
         </datafield>
         <datafield tag="043" ind1=" " ind2=" ">
            <subfield code="c">XA-FR</subfield>
         </datafield>
         <datafield tag="110" ind1="2" ind2=" ">
            <subfield code="a">Hôpital St-Jean</subfield>
            <subfield code="c">Angers</subfield>
            <subfield code="g">F-ANh</subfield>
         </datafield>
         <datafield tag="622" ind1=" " ind2=" ">
            <subfield code="e">Hôpital St-Jean, F-Angers</subfield>
         </datafield>
      </record>