
      <record>
         <leader>00000nz  a2200169   4500</leader>
         <controlfield tag="001">30002992</controlfield>
         <controlfield tag="003">RISM</controlfield>
         <controlfield tag="005">20160216</controlfield>
         <controlfield tag="008">160216n||az|||||||##########||||||||||||</controlfield>
         <datafield tag="040" ind1=" " ind2=" ">
            <subfield code="a">F-APT</subfield>
         </datafield>
         <datafield tag="043" ind1=" " ind2=" ">
            <subfield code="c">XA-FR</subfield>
         </datafield>
         <datafield tag="110" ind1="2" ind2=" ">
            <subfield code="a">Basilique Sainte-Anne, Trésor</subfield>
            <subfield code="c">Apt</subfield>
            <subfield code="g">F-APT</subfield>
         </datafield>
         <datafield tag="410" ind1="2" ind2=" ">
            <subfield code="a">Cathédrale Ste Anne</subfield>
         </datafield>
         <datafield tag="622" ind1=" " ind2=" ">
            <subfield code="e">Basilique Sainte-Anne, Trésor, F-84 Apt</subfield>
         </datafield>
      </record>