
      <record>
         <leader>00000nz  a2200169   4500</leader>
         <controlfield tag="001">30003334</controlfield>
         <controlfield tag="003">RISM</controlfield>
         <controlfield tag="005">20160216</controlfield>
         <controlfield tag="008">160216n||az|||||||##########||||||||||||</controlfield>
         <datafield tag="040" ind1=" " ind2=" ">
            <subfield code="a">F-ASOlang</subfield>
         </datafield>
         <datafield tag="043" ind1=" " ind2=" ">
            <subfield code="c">XA-FR</subfield>
         </datafield>
         <datafield tag="110" ind1="2" ind2=" ">
            <subfield code="a">Collection François Lang</subfield>
            <subfield code="c">Asnières-sur-Oise</subfield>
            <subfield code="g">F-ASOlang</subfield>
         </datafield>
         <datafield tag="410" ind1="2" ind2=" ">
            <subfield code="a">Bibliothèque musicale François Lang, Fondation Royaumont</subfield>
         </datafield>
         <datafield tag="410" ind1="2" ind2=" ">
            <subfield code="a">François Lang, private collection</subfield>
         </datafield>
         <datafield tag="622" ind1=" " ind2=" ">
            <subfield code="e">Collection François Lang, l'Abbaye de Royaumont, F-95 Asnières, -sur-Oise</subfield>
         </datafield>
      </record>