
      <record>
         <leader>00000nz  a2200169   4500</leader>
         <controlfield tag="001">30078116</controlfield>
         <controlfield tag="003">RISM</controlfield>
         <controlfield tag="005">20160216</controlfield>
         <controlfield tag="008">160216n||az|||||||##########||||||||||||</controlfield>
         <datafield tag="040" ind1=" " ind2=" ">
            <subfield code="a">F-AUCad</subfield>
         </datafield>
         <datafield tag="043" ind1=" " ind2=" ">
            <subfield code="c">FR</subfield>
         </datafield>
         <datafield tag="110" ind1="2" ind2=" ">
            <subfield code="a">Archives départementales du Gers</subfield>
            <subfield code="c">Auch</subfield>
            <subfield code="g">F-AUCad</subfield>
         </datafield>
         <datafield tag="622" ind1=" " ind2=" ">
            <subfield code="e">Archives départementales du Gers, 81 route de Pessan, 32001  Auch, France</subfield>
            <subfield code="u">http://www.archives32.fr/</subfield>
         </datafield>
      </record>