
      <record>
         <leader>00000nz  a2200169   4500</leader>
         <controlfield tag="001">30003335</controlfield>
         <controlfield tag="003">RISM</controlfield>
         <controlfield tag="005">20160216</controlfield>
         <controlfield tag="008">160216n||az|||||||##########||||||||||||</controlfield>
         <datafield tag="040" ind1=" " ind2=" ">
            <subfield code="a">F-AV</subfield>
         </datafield>
         <datafield tag="043" ind1=" " ind2=" ">
            <subfield code="c">XA-FR</subfield>
         </datafield>
         <datafield tag="110" ind1="2" ind2=" ">
            <subfield code="a">Société d'Etudes d'Avallon</subfield>
            <subfield code="c">Avallon</subfield>
            <subfield code="g">F-AV</subfield>
         </datafield>
         <datafield tag="622" ind1=" " ind2=" ">
            <subfield code="e">Société d'Etudes d'Avallon, Tour de l'Horloge, Salle des échevins,, F-89 Avallon</subfield>
         </datafield>
      </record>