
      <record>
         <leader>00000nz  a2200169   4500</leader>
         <controlfield tag="001">30075940</controlfield>
         <controlfield tag="003">RISM</controlfield>
         <controlfield tag="005">20160216</controlfield>
         <controlfield tag="008">160216n||az|||||||##########||||||||||||</controlfield>
         <datafield tag="040" ind1=" " ind2=" ">
            <subfield code="a">F-AVmg</subfield>
         </datafield>
         <datafield tag="043" ind1=" " ind2=" ">
            <subfield code="c">XA-FR</subfield>
         </datafield>
         <datafield tag="110" ind1="2" ind2=" ">
            <subfield code="a">Bibliothèque médiathèque Gaston-Chaissac</subfield>
            <subfield code="c">Avallon</subfield>
            <subfield code="g">F-AVmg</subfield>
         </datafield>
         <datafield tag="622" ind1=" " ind2=" ">
            <subfield code="e">Médiathèque Gaston Chaissac, F -  Avallon</subfield>
         </datafield>
      </record>