
      <record>
         <leader>00000nz  a2200169   4500</leader>
         <controlfield tag="001">30003946</controlfield>
         <controlfield tag="003">RISM</controlfield>
         <controlfield tag="005">20160216</controlfield>
         <controlfield tag="008">160216n||az|||||||##########||||||||||||</controlfield>
         <datafield tag="040" ind1=" " ind2=" ">
            <subfield code="a">F-BAf</subfield>
         </datafield>
         <datafield tag="043" ind1=" " ind2=" ">
            <subfield code="c">XA-FR</subfield>
         </datafield>
         <datafield tag="110" ind1="2" ind2=" ">
            <subfield code="a">Bibliothèque Provinciale des Franciscaine de Corse (Couvent)</subfield>
            <subfield code="c">Bastia</subfield>
            <subfield code="g">F-BAf</subfield>
         </datafield>
         <datafield tag="622" ind1=" " ind2=" ">
            <subfield code="e">Bibliothèque Provinciale des, Franciscaine de Corse (Couvent), Saint-François, 20200 Bastia, T., 95325173</subfield>
         </datafield>
      </record>