
      <record>
         <leader>00000nz  a2200169   4500</leader>
         <controlfield tag="001">30001431</controlfield>
         <controlfield tag="003">RISM</controlfield>
         <controlfield tag="005">20160216</controlfield>
         <controlfield tag="008">160216n||az|||||||##########||||||||||||</controlfield>
         <datafield tag="040" ind1=" " ind2=" ">
            <subfield code="a">F-BGma</subfield>
         </datafield>
         <datafield tag="043" ind1=" " ind2=" ">
            <subfield code="c">XA-FR</subfield>
         </datafield>
         <datafield tag="110" ind1="2" ind2=" ">
            <subfield code="a">Musée de l'Ain</subfield>
            <subfield code="c">Bourg-en-Bresse</subfield>
            <subfield code="g">F-BGma</subfield>
         </datafield>
         <datafield tag="410" ind1="2" ind2=" ">
            <subfield code="a">Biblothèque Municipale et Musée de l'Ain</subfield>
         </datafield>
         <datafield tag="622" ind1=" " ind2=" ">
            <subfield code="e">Musée de l'Ain, Bourg-en-Bresse</subfield>
         </datafield>
      </record>