
      <record>
         <leader>00000nz  a2200169   4500</leader>
         <controlfield tag="001">30005854</controlfield>
         <controlfield tag="003">RISM</controlfield>
         <controlfield tag="005">20160216</controlfield>
         <controlfield tag="008">160216n||az|||||||##########||||||||||||</controlfield>
         <datafield tag="040" ind1=" " ind2=" ">
            <subfield code="a">F-BLad</subfield>
         </datafield>
         <datafield tag="043" ind1=" " ind2=" ">
            <subfield code="c">XA-FR</subfield>
         </datafield>
         <datafield tag="110" ind1="2" ind2=" ">
            <subfield code="a">Archives départementales du Loir-et-Cher</subfield>
            <subfield code="c">Blois</subfield>
            <subfield code="g">F-BLad</subfield>
         </datafield>
         <datafield tag="622" ind1=" " ind2=" ">
            <subfield code="e">Archives départementales du Loir-et-Che, 2, rue Louis Bodin, F-41020 Blois cedex</subfield>
         </datafield>
      </record>