
      <record>
         <leader>00000nz  a2200169   4500</leader>
         <controlfield tag="001">30002997</controlfield>
         <controlfield tag="003">RISM</controlfield>
         <controlfield tag="005">20160216</controlfield>
         <controlfield tag="008">160216n||az|||||||##########||||||||||||</controlfield>
         <datafield tag="040" ind1=" " ind2=" ">
            <subfield code="a">F-BSM</subfield>
         </datafield>
         <datafield tag="043" ind1=" " ind2=" ">
            <subfield code="c">XA-FR</subfield>
         </datafield>
         <datafield tag="110" ind1="2" ind2=" ">
            <subfield code="a">Bibliothèque municipale</subfield>
            <subfield code="c">Boulogne-sur-Mer</subfield>
            <subfield code="g">F-BSM</subfield>
         </datafield>
         <datafield tag="622" ind1=" " ind2=" ">
            <subfield code="e">Bibliothèque municipale, 18, Place de la résistance, 62200 Boulogne-sur-Mer, France</subfield>
            <subfield code="u">http://www.ville-boulogne-sur-mer.fr/bibliotheque-mediatheque</subfield>
         </datafield>
      </record>