
      <record>
         <leader>00000nz  a2200169   4500</leader>
         <controlfield tag="001">30001435</controlfield>
         <controlfield tag="003">RISM</controlfield>
         <controlfield tag="005">20160216</controlfield>
         <controlfield tag="008">160216n||az|||||||##########||||||||||||</controlfield>
         <datafield tag="040" ind1=" " ind2=" ">
            <subfield code="a">F-C</subfield>
         </datafield>
         <datafield tag="043" ind1=" " ind2=" ">
            <subfield code="c">XA-FR</subfield>
         </datafield>
         <datafield tag="110" ind1="2" ind2=" ">
            <subfield code="a">Bibliothèque Inguimbertine et Musée de Carpentras</subfield>
            <subfield code="c">Carpentras</subfield>
            <subfield code="g">F-C</subfield>
         </datafield>
         <datafield tag="410" ind1="2" ind2=" ">
            <subfield code="a">Bibliothèque Municipale</subfield>
         </datafield>
         <datafield tag="410" ind1="2" ind2=" ">
            <subfield code="a">Bibliothèque Inguimbertine</subfield>
         </datafield>
         <datafield tag="622" ind1=" " ind2=" ">
            <subfield code="e">Bibliothèque Inguimbertine et Musée de, Carpentras, 11 bd Albin-Durand, F-84 Carpentras</subfield>
         </datafield>
      </record>