
      <record>
         <leader>00000nz  a2200169   4500</leader>
         <controlfield tag="001">30078104</controlfield>
         <controlfield tag="003">RISM</controlfield>
         <controlfield tag="005">20160216</controlfield>
         <controlfield tag="008">160216n||az|||||||##########||||||||||||</controlfield>
         <datafield tag="040" ind1=" " ind2=" ">
            <subfield code="a">F-CAHad</subfield>
         </datafield>
         <datafield tag="043" ind1=" " ind2=" ">
            <subfield code="c">FR</subfield>
         </datafield>
         <datafield tag="110" ind1="2" ind2=" ">
            <subfield code="a">Archives départementales du Lot</subfield>
            <subfield code="c">Cahors</subfield>
            <subfield code="g">F-CAHad</subfield>
         </datafield>
         <datafield tag="622" ind1=" " ind2=" ">
            <subfield code="e">Archives départementales du Lot, 218 rue des Cadourques, 46000 Cahors, France</subfield>
            <subfield code="u">http://archives.lot.fr/</subfield>
         </datafield>
      </record>