
      <record>
         <leader>00000nz  a2200169   4500</leader>
         <controlfield tag="001">30006382</controlfield>
         <controlfield tag="003">RISM</controlfield>
         <controlfield tag="005">20160216</controlfield>
         <controlfield tag="008">160216n||az|||||||##########||||||||||||</controlfield>
         <datafield tag="040" ind1=" " ind2=" ">
            <subfield code="a">F-CECad</subfield>
         </datafield>
         <datafield tag="043" ind1=" " ind2=" ">
            <subfield code="c">XA-FR</subfield>
         </datafield>
         <datafield tag="110" ind1="2" ind2=" ">
            <subfield code="a">Archives départementales de la Marne</subfield>
            <subfield code="c">Châlons-en-Champagne</subfield>
            <subfield code="g">F-CECad</subfield>
         </datafield>
         <datafield tag="622" ind1=" " ind2=" ">
            <subfield code="e">Archives départementales de la Marne, 1 rue Just Berland, F-51000 Châlons-en, -Champagne</subfield>
         </datafield>
      </record>