
      <record>
         <leader>00000nz  a2200169   4500</leader>
         <controlfield tag="001">30006383</controlfield>
         <controlfield tag="003">RISM</controlfield>
         <controlfield tag="005">20160216</controlfield>
         <controlfield tag="008">160216n||az|||||||##########||||||||||||</controlfield>
         <datafield tag="040" ind1=" " ind2=" ">
            <subfield code="a">F-CECm</subfield>
         </datafield>
         <datafield tag="043" ind1=" " ind2=" ">
            <subfield code="c">XA-FR</subfield>
         </datafield>
         <datafield tag="110" ind1="2" ind2=" ">
            <subfield code="a">Bibliothèque municipale Georges Pompidou</subfield>
            <subfield code="c">Châlons-en-Champagne</subfield>
            <subfield code="g">F-CECm</subfield>
         </datafield>
         <datafield tag="622" ind1=" " ind2=" ">
            <subfield code="e">Bibliothèque municipale Georges Pompidou, 68, rue Léon Bourgeois, 51038 Châlons-en-Champagne, France</subfield>
            <subfield code="u">http://bm.chalons-en-champagne.net/</subfield>
         </datafield>
      </record>