
      <record>
         <leader>00000nz  a2200169   4500</leader>
         <controlfield tag="001">30002994</controlfield>
         <controlfield tag="003">RISM</controlfield>
         <controlfield tag="005">20160216</controlfield>
         <controlfield tag="008">160216n||az|||||||##########||||||||||||</controlfield>
         <datafield tag="040" ind1=" " ind2=" ">
            <subfield code="a">F-CF</subfield>
         </datafield>
         <datafield tag="043" ind1=" " ind2=" ">
            <subfield code="c">XA-FR</subfield>
         </datafield>
         <datafield tag="110" ind1="2" ind2=" ">
            <subfield code="a">Bibliothèque Lafayette</subfield>
            <subfield code="c">Clermont-Ferrand</subfield>
            <subfield code="g">F-CF</subfield>
         </datafield>
         <datafield tag="410" ind1="2" ind2=" ">
            <subfield code="a">Bibliothèque Municipale et Universitaire, Section Centrale et Section Lettres</subfield>
         </datafield>
         <datafield tag="622" ind1=" " ind2=" ">
            <subfield code="e">Bibliothèque Lafayette, 1, Boulevard Lafayette - BP27, 63001 Clermont-Ferrand Cedex 1, France</subfield>
            <subfield code="u">http://bibliotheque.clermont-universite.fr/bibliotheques-du-reseau?q=node/26</subfield>
         </datafield>
      </record>