
      <record>
         <leader>00000nz  a2200169   4500</leader>
         <controlfield tag="001">30078563</controlfield>
         <controlfield tag="003">RISM</controlfield>
         <controlfield tag="005">20160216</controlfield>
         <controlfield tag="008">160216n||az|||||||##########||||||||||||</controlfield>
         <datafield tag="040" ind1=" " ind2=" ">
            <subfield code="a">F-CFad</subfield>
         </datafield>
         <datafield tag="043" ind1=" " ind2=" ">
            <subfield code="c">FR</subfield>
         </datafield>
         <datafield tag="110" ind1="2" ind2=" ">
            <subfield code="a">Archives départementales du Puy-de-Dôme</subfield>
            <subfield code="c">Clermont-Ferrand</subfield>
            <subfield code="g">F-CFad</subfield>
         </datafield>
         <datafield tag="622" ind1=" " ind2=" ">
            <subfield code="e">Archives départementales du Puy-de-Dôme, 75, rue de Neyrat, 63018 Clermont-Ferrand, France</subfield>
            <subfield code="u">http://www.archivesdepartementales.puydedome.fr/</subfield>
         </datafield>
      </record>