
      <record>
         <leader>00000nz  a2200169   4500</leader>
         <controlfield tag="001">30080434</controlfield>
         <controlfield tag="003">RISM</controlfield>
         <controlfield tag="005">20160216</controlfield>
         <controlfield tag="008">160216n||az|||||||##########||||||||||||</controlfield>
         <datafield tag="040" ind1=" " ind2=" ">
            <subfield code="a">F-CFbp</subfield>
         </datafield>
         <datafield tag="110" ind1="2" ind2=" ">
            <subfield code="a">Bibliothèque du Patrimoine</subfield>
            <subfield code="g">F-CFbp</subfield>
         </datafield>
         <datafield tag="622" ind1=" " ind2=" ">
            <subfield code="e">Bibliothèque du Patrimoine, 17, Rue Bardoux, 63000 Clermont-Ferrand, France</subfield>
            <subfield code="u">http://www.bibliotheques-clermontcommunaute.net/page/bibliotheque-patrimoine-clermont-ferrand</subfield>
         </datafield>
      </record>