
      <record>
         <leader>00000nz  a2200169   4500</leader>
         <controlfield tag="001">30005958</controlfield>
         <controlfield tag="003">RISM</controlfield>
         <controlfield tag="005">20160216</controlfield>
         <controlfield tag="008">160216n||az|||||||##########||||||||||||</controlfield>
         <datafield tag="040" ind1=" " ind2=" ">
            <subfield code="a">F-CHAme</subfield>
         </datafield>
         <datafield tag="043" ind1=" " ind2=" ">
            <subfield code="c">XA-FR</subfield>
         </datafield>
         <datafield tag="110" ind1="2" ind2=" ">
            <subfield code="a">Equinoxe - La Médiathèque</subfield>
            <subfield code="c">Châteauroux</subfield>
            <subfield code="g">F-CHAme</subfield>
         </datafield>
         <datafield tag="622" ind1=" " ind2=" ">
            <subfield code="e">Equinoxe - La Médiathèque, 47, rue Nationale, F-36000 Châteauroux</subfield>
         </datafield>
      </record>