
      <record>
         <leader>00000nz  a2200169   4500</leader>
         <controlfield tag="001">30006377</controlfield>
         <controlfield tag="003">RISM</controlfield>
         <controlfield tag="005">20160216</controlfield>
         <controlfield tag="008">160216n||az|||||||##########||||||||||||</controlfield>
         <datafield tag="040" ind1=" " ind2=" ">
            <subfield code="a">F-CHARad</subfield>
         </datafield>
         <datafield tag="043" ind1=" " ind2=" ">
            <subfield code="c">XA-FR</subfield>
         </datafield>
         <datafield tag="110" ind1="2" ind2=" ">
            <subfield code="a">Archives départementales de la Haute-Marne</subfield>
            <subfield code="c">Charamandes-Choignes</subfield>
            <subfield code="g">F-CHARad</subfield>
         </datafield>
         <datafield tag="622" ind1=" " ind2=" ">
            <subfield code="e">Archives départementales de la Haute, -Marne, visitors: Rue du Lycée agricole, F, -52000 Charamandes-Choignes,, Postadresse: B. P. 509, 52011 Chaumon</subfield>
         </datafield>
      </record>