
      <record>
         <leader>00000nz  a2200169   4500</leader>
         <controlfield tag="001">30003340</controlfield>
         <controlfield tag="003">RISM</controlfield>
         <controlfield tag="005">20160216</controlfield>
         <controlfield tag="008">160216n||az|||||||##########||||||||||||</controlfield>
         <datafield tag="040" ind1=" " ind2=" ">
            <subfield code="a">F-CHE</subfield>
         </datafield>
         <datafield tag="043" ind1=" " ind2=" ">
            <subfield code="c">XA-FR</subfield>
         </datafield>
         <datafield tag="110" ind1="2" ind2=" ">
            <subfield code="a">Bibliothèque et Archives municipales</subfield>
            <subfield code="c">Cherbourg</subfield>
            <subfield code="g">F-CHE</subfield>
         </datafield>
         <datafield tag="622" ind1=" " ind2=" ">
            <subfield code="e">Bibliothèque et Archives municipales, 13-15 Rue Thiers, F-50 Cherbourg</subfield>
         </datafield>
      </record>