
      <record>
         <leader>00000nz  a2200169   4500</leader>
         <controlfield tag="001">30006378</controlfield>
         <controlfield tag="003">RISM</controlfield>
         <controlfield tag="005">20160216</controlfield>
         <controlfield tag="008">160216n||az|||||||##########||||||||||||</controlfield>
         <datafield tag="040" ind1=" " ind2=" ">
            <subfield code="a">F-CHUml</subfield>
         </datafield>
         <datafield tag="043" ind1=" " ind2=" ">
            <subfield code="c">XA-FR</subfield>
         </datafield>
         <datafield tag="110" ind1="2" ind2=" ">
            <subfield code="a">Maison du livre er de l'affiche Les Silos</subfield>
            <subfield code="c">Chaumont</subfield>
            <subfield code="g">F-CHUml</subfield>
         </datafield>
         <datafield tag="622" ind1=" " ind2=" ">
            <subfield code="e">Maison du livre er de l'affiche Les, Silos, 7-9 avenue Foch, F-52000 Chaumont</subfield>
         </datafield>
      </record>