
      <record>
         <leader>00000nz  a2200169   4500</leader>
         <controlfield tag="001">30061546</controlfield>
         <controlfield tag="003">RISM</controlfield>
         <controlfield tag="005">20160216</controlfield>
         <controlfield tag="008">160216n||az|||||||##########||||||||||||</controlfield>
         <datafield tag="040" ind1=" " ind2=" ">
            <subfield code="a">F-CNscd</subfield>
         </datafield>
         <datafield tag="043" ind1=" " ind2=" ">
            <subfield code="c">F</subfield>
         </datafield>
         <datafield tag="110" ind1="2" ind2=" ">
            <subfield code="a">Service Commun de la Documentation, Université de Caen, Section Droit-Lettres &lt;Caen&gt;</subfield>
            <subfield code="c">Caen</subfield>
            <subfield code="g">F-CNscd</subfield>
         </datafield>
         <datafield tag="622" ind1=" " ind2=" ">
            <subfield code="u">http://www.unicaen.fr/</subfield>
         </datafield>
      </record>