
      <record>
         <leader>00000nz  a2200169   4500</leader>
         <controlfield tag="001">30003343</controlfield>
         <controlfield tag="003">RISM</controlfield>
         <controlfield tag="005">20160216</controlfield>
         <controlfield tag="008">160216n||az|||||||##########||||||||||||</controlfield>
         <datafield tag="040" ind1=" " ind2=" ">
            <subfield code="a">F-COs</subfield>
         </datafield>
         <datafield tag="043" ind1=" " ind2=" ">
            <subfield code="c">XA-FR</subfield>
         </datafield>
         <datafield tag="110" ind1="2" ind2=" ">
            <subfield code="a">Consistoire de l'Église de la Confession d'Augsbourg à Colmar</subfield>
            <subfield code="c">Colmar</subfield>
            <subfield code="g">F-COs</subfield>
         </datafield>
         <datafield tag="622" ind1=" " ind2=" ">
            <subfield code="e">Consistoire de l'Église de la, Confession d'Augsbourg à Colmar, 9 Grand'rue, F-68 Colmar</subfield>
         </datafield>
      </record>