
      <record>
         <leader>00000nz  a2200169   4500</leader>
         <controlfield tag="001">30078130</controlfield>
         <controlfield tag="003">RISM</controlfield>
         <controlfield tag="005">20160216</controlfield>
         <controlfield tag="008">160216n||az|||||||##########||||||||||||</controlfield>
         <datafield tag="040" ind1=" " ind2=" ">
            <subfield code="a">F-CTm</subfield>
         </datafield>
         <datafield tag="043" ind1=" " ind2=" ">
            <subfield code="c">FR</subfield>
         </datafield>
         <datafield tag="110" ind1="2" ind2=" ">
            <subfield code="a">Musée Jean de La Fontaine</subfield>
            <subfield code="c">Château-Thierry</subfield>
            <subfield code="g">F-CTm</subfield>
         </datafield>
         <datafield tag="622" ind1=" " ind2=" ">
            <subfield code="e">Musée Jean de La Fontaine, 12 rue Jean de La Fontaine, 02400 Château-Thierry, France</subfield>
            <subfield code="u">http://www.musee-jean-de-la-fontaine.fr/</subfield>
         </datafield>
      </record>