
      <record>
         <leader>00000nz  a2200169   4500</leader>
         <controlfield tag="001">30006374</controlfield>
         <controlfield tag="003">RISM</controlfield>
         <controlfield tag="005">20160216</controlfield>
         <controlfield tag="008">160216n||az|||||||##########||||||||||||</controlfield>
         <datafield tag="040" ind1=" " ind2=" ">
            <subfield code="a">F-CVad</subfield>
         </datafield>
         <datafield tag="043" ind1=" " ind2=" ">
            <subfield code="c">XA-FR</subfield>
         </datafield>
         <datafield tag="110" ind1="2" ind2=" ">
            <subfield code="a">Archives départementales des Ardennes</subfield>
            <subfield code="c">Charleville</subfield>
            <subfield code="g">F-CVad</subfield>
         </datafield>
         <datafield tag="622" ind1=" " ind2=" ">
            <subfield code="e">Archives départementales des Ardennes, 10 rue de la Porte de Bourgogne, BP, 831, F-08011 Charleville-Mézières cede</subfield>
         </datafield>
      </record>