
      <record>
         <leader>00000nz  a2200169   4500</leader>
         <controlfield tag="001">30005933</controlfield>
         <controlfield tag="003">RISM</controlfield>
         <controlfield tag="005">20160216</controlfield>
         <controlfield tag="008">160216n||az|||||||##########||||||||||||</controlfield>
         <datafield tag="040" ind1=" " ind2=" ">
            <subfield code="a">F-Dam</subfield>
         </datafield>
         <datafield tag="043" ind1=" " ind2=" ">
            <subfield code="c">XA-FR</subfield>
         </datafield>
         <datafield tag="110" ind1="2" ind2=" ">
            <subfield code="a">Archives municipales</subfield>
            <subfield code="c">Dijon</subfield>
            <subfield code="g">F-Dam</subfield>
         </datafield>
         <datafield tag="622" ind1=" " ind2=" ">
            <subfield code="e">Archives municipales, 91, rue de la Liberté, F-21033 Dijon, Cedex</subfield>
         </datafield>
      </record>