
      <record>
         <leader>00000nz  a2200169   4500</leader>
         <controlfield tag="001">30078108</controlfield>
         <controlfield tag="003">RISM</controlfield>
         <controlfield tag="005">20160216</controlfield>
         <controlfield tag="008">160216n||az|||||||##########||||||||||||</controlfield>
         <datafield tag="040" ind1=" " ind2=" ">
            <subfield code="a">F-DINbm</subfield>
         </datafield>
         <datafield tag="043" ind1=" " ind2=" ">
            <subfield code="c">FR</subfield>
         </datafield>
         <datafield tag="110" ind1="2" ind2=" ">
            <subfield code="a">Bibliothèque municipale</subfield>
            <subfield code="c">Dinan</subfield>
            <subfield code="g">F-DINbm</subfield>
         </datafield>
         <datafield tag="622" ind1=" " ind2=" ">
            <subfield code="e">Bibliothèque municipale, 20 rue Waldeck-Rousseau, 22106  Dinan, France</subfield>
            <subfield code="u">http://www.bm-dinan.fr/</subfield>
         </datafield>
      </record>