
      <record>
         <leader>00000nz  a2200169   4500</leader>
         <controlfield tag="001">30075941</controlfield>
         <controlfield tag="003">RISM</controlfield>
         <controlfield tag="005">20160216</controlfield>
         <controlfield tag="008">160216n||az|||||||##########||||||||||||</controlfield>
         <datafield tag="040" ind1=" " ind2=" ">
            <subfield code="a">F-DLBbi</subfield>
         </datafield>
         <datafield tag="043" ind1=" " ind2=" ">
            <subfield code="c">XA-FR</subfield>
         </datafield>
         <datafield tag="110" ind1="2" ind2=" ">
            <subfield code="a">Bibliothèque Intercommunale l'Etoile des Alpes</subfield>
            <subfield code="c">Digne-les-Bains</subfield>
            <subfield code="g">F-DLBbi</subfield>
         </datafield>
         <datafield tag="622" ind1=" " ind2=" ">
            <subfield code="e">Bibliothèque Intercommunale l'Etoile, des Alpes, Traverse des Eaux-Chaudes: Etoile des, Alpes, F -  04000  Digne-les-Bains</subfield>
         </datafield>
      </record>