
      <record>
         <leader>00000nz  a2200169   4500</leader>
         <controlfield tag="001">30006546</controlfield>
         <controlfield tag="003">RISM</controlfield>
         <controlfield tag="005">20160216</controlfield>
         <controlfield tag="008">160216n||az|||||||##########||||||||||||</controlfield>
         <datafield tag="040" ind1=" " ind2=" ">
            <subfield code="a">F-DOEac</subfield>
         </datafield>
         <datafield tag="043" ind1=" " ind2=" ">
            <subfield code="c">F</subfield>
         </datafield>
         <datafield tag="110" ind1="2" ind2=" ">
            <subfield code="a">Abbaye d'En Calcat &lt;Dourgne&gt;</subfield>
            <subfield code="c">Dourgne</subfield>
            <subfield code="g">F-DOEac</subfield>
         </datafield>
         <datafield tag="622" ind1=" " ind2=" ">
            <subfield code="u">http://www.encalcat.com</subfield>
         </datafield>
      </record>