
      <record>
         <leader>00000nz  a2200169   4500</leader>
         <controlfield tag="001">30078129</controlfield>
         <controlfield tag="003">RISM</controlfield>
         <controlfield tag="005">20160216</controlfield>
         <controlfield tag="008">160216n||az|||||||##########||||||||||||</controlfield>
         <datafield tag="040" ind1=" " ind2=" ">
            <subfield code="a">F-FCmja</subfield>
         </datafield>
         <datafield tag="043" ind1=" " ind2=" ">
            <subfield code="c">FR</subfield>
         </datafield>
         <datafield tag="110" ind1="2" ind2=" ">
            <subfield code="a">Musée Jacquemart-André</subfield>
            <subfield code="c">Fontaine-Chaalis</subfield>
            <subfield code="g">F-FCmja</subfield>
         </datafield>
         <datafield tag="622" ind1=" " ind2=" ">
            <subfield code="e">Musée Jacquemart-André, Abbaye royale de Chaalis, 60300 Fontaine-Chaalis, France</subfield>
            <subfield code="u">http://www.chaalis.fr/default.htm</subfield>
         </datafield>
      </record>