
      <record>
         <leader>00000nz  a2200169   4500</leader>
         <controlfield tag="001">30075942</controlfield>
         <controlfield tag="003">RISM</controlfield>
         <controlfield tag="005">20160216</controlfield>
         <controlfield tag="008">160216n||az|||||||##########||||||||||||</controlfield>
         <datafield tag="040" ind1=" " ind2=" ">
            <subfield code="a">F-FEpb</subfield>
         </datafield>
         <datafield tag="043" ind1=" " ind2=" ">
            <subfield code="c">XA-FR</subfield>
         </datafield>
         <datafield tag="110" ind1="2" ind2=" ">
            <subfield code="a">Palais Bénédictine, Bibliothèque</subfield>
            <subfield code="c">Fécamp</subfield>
            <subfield code="g">F-FEpb</subfield>
         </datafield>
         <datafield tag="622" ind1=" " ind2=" ">
            <subfield code="e">Palais Bénédictine, Bibliothèque, 110 rue Alexandre Le Grand; BP 192, F -  76400 Fecamp</subfield>
         </datafield>
      </record>