
      <record>
         <leader>00000nz  a2200169   4500</leader>
         <controlfield tag="001">30003015</controlfield>
         <controlfield tag="003">RISM</controlfield>
         <controlfield tag="005">20160216</controlfield>
         <controlfield tag="008">160216n||az|||||||##########||||||||||||</controlfield>
         <datafield tag="040" ind1=" " ind2=" ">
            <subfield code="a">F-GAP</subfield>
         </datafield>
         <datafield tag="043" ind1=" " ind2=" ">
            <subfield code="c">XA-FR</subfield>
         </datafield>
         <datafield tag="110" ind1="2" ind2=" ">
            <subfield code="a">Archives départementales</subfield>
            <subfield code="c">Gap</subfield>
            <subfield code="g">F-GAP</subfield>
         </datafield>
         <datafield tag="410" ind1="2" ind2=" ">
            <subfield code="a">Archives Départementales des Hautes-Alpes</subfield>
         </datafield>
         <datafield tag="622" ind1=" " ind2=" ">
            <subfield code="e">Archives départementales, Préfecture des Hautes-Alpes, Route de, Rambaud, F-05 Gap</subfield>
         </datafield>
      </record>