
      <record>
         <leader>00000nz  a2200169   4500</leader>
         <controlfield tag="001">30003347</controlfield>
         <controlfield tag="003">RISM</controlfield>
         <controlfield tag="005">20160216</controlfield>
         <controlfield tag="008">160216n||az|||||||##########||||||||||||</controlfield>
         <datafield tag="040" ind1=" " ind2=" ">
            <subfield code="a">F-Ge</subfield>
         </datafield>
         <datafield tag="043" ind1=" " ind2=" ">
            <subfield code="c">XA-FR</subfield>
         </datafield>
         <datafield tag="110" ind1="2" ind2=" ">
            <subfield code="a">École Régionale de Musique, de Danse et d'Art Dramatique</subfield>
            <subfield code="c">Grenoble</subfield>
            <subfield code="g">F-Ge</subfield>
         </datafield>
         <datafield tag="622" ind1=" " ind2=" ">
            <subfield code="e">École Régionale de Musique, de Danse e, d'Art Dramatique, 5 Chemin de Gordes, F-38 Grenoble</subfield>
         </datafield>
      </record>