
      <record>
         <leader>00000nz  a2200169   4500</leader>
         <controlfield tag="001">30078107</controlfield>
         <controlfield tag="003">RISM</controlfield>
         <controlfield tag="005">20160216</controlfield>
         <controlfield tag="008">160216n||az|||||||##########||||||||||||</controlfield>
         <datafield tag="040" ind1=" " ind2=" ">
            <subfield code="a">F-GOUam</subfield>
         </datafield>
         <datafield tag="043" ind1=" " ind2=" ">
            <subfield code="c">XA-FR</subfield>
         </datafield>
         <datafield tag="110" ind1="2" ind2=" ">
            <subfield code="a">Archives municipales</subfield>
            <subfield code="c">Gourdon</subfield>
            <subfield code="g">F-GOUam</subfield>
         </datafield>
         <datafield tag="622" ind1=" " ind2=" ">
            <subfield code="e">Archives municipales, Place Saint-Pierre, 46300  Gourdon, France</subfield>
            <subfield code="u">http://www.gourdon.fr/spip/spip.php?article53</subfield>
         </datafield>
      </record>