
      <record>
         <leader>00000nz  a2200169   4500</leader>
         <controlfield tag="001">30006616</controlfield>
         <controlfield tag="003">RISM</controlfield>
         <controlfield tag="005">20160216</controlfield>
         <controlfield tag="008">160216n||az|||||||##########||||||||||||</controlfield>
         <datafield tag="040" ind1=" " ind2=" ">
            <subfield code="a">F-GRmp</subfield>
         </datafield>
         <datafield tag="043" ind1=" " ind2=" ">
            <subfield code="c">F</subfield>
         </datafield>
         <datafield tag="110" ind1="2" ind2=" ">
            <subfield code="a">Musée d'art et d'histoire de Provence &lt;Grasse&gt;</subfield>
            <subfield code="c">Grasse</subfield>
            <subfield code="g">F-GRmp</subfield>
         </datafield>
         <datafield tag="622" ind1=" " ind2=" ">
            <subfield code="e">Musee d'art et d'histoire de Provence, 2 Rue Mirabeau, F-06130 Grasse</subfield>
         </datafield>
      </record>