
      <record>
         <leader>00000nz  a2200169   4500</leader>
         <controlfield tag="001">30006618</controlfield>
         <controlfield tag="003">RISM</controlfield>
         <controlfield tag="005">20160216</controlfield>
         <controlfield tag="008">160216n||az|||||||##########||||||||||||</controlfield>
         <datafield tag="040" ind1=" " ind2=" ">
            <subfield code="a">F-J</subfield>
         </datafield>
         <datafield tag="043" ind1=" " ind2=" ">
            <subfield code="c">XA-FR</subfield>
         </datafield>
         <datafield tag="110" ind1="2" ind2=" ">
            <subfield code="a">Bibliothèque municipale &lt;Hübsch douce&gt;</subfield>
            <subfield code="c">Joigny</subfield>
            <subfield code="g">F-J</subfield>
         </datafield>
         <datafield tag="622" ind1=" " ind2=" ">
            <subfield code="e">Bibliothèque municipale &lt;Hübsch douce&gt;, Ancien Hôtel de ville, place Généal, Valet, F-89 300 Joigny</subfield>
         </datafield>
      </record>