
      <record>
         <leader>00000nz  a2200169   4500</leader>
         <controlfield tag="001">30005677</controlfield>
         <controlfield tag="003">RISM</controlfield>
         <controlfield tag="005">20160216</controlfield>
         <controlfield tag="008">160216n||az|||||||##########||||||||||||</controlfield>
         <datafield tag="040" ind1=" " ind2=" ">
            <subfield code="a">F-Lad</subfield>
         </datafield>
         <datafield tag="043" ind1=" " ind2=" ">
            <subfield code="c">XA-FR</subfield>
         </datafield>
         <datafield tag="110" ind1="2" ind2=" ">
            <subfield code="a">Archives départementales du Nord</subfield>
            <subfield code="c">Lille</subfield>
            <subfield code="g">F-Lad</subfield>
         </datafield>
         <datafield tag="622" ind1=" " ind2=" ">
            <subfield code="e">Archives départementales du Nord, 22, rue Saint-Bernard, F -  59000  Lille</subfield>
         </datafield>
      </record>