
      <record>
         <leader>00000nz  a2200169   4500</leader>
         <controlfield tag="001">30006381</controlfield>
         <controlfield tag="003">RISM</controlfield>
         <controlfield tag="005">20160216</controlfield>
         <controlfield tag="008">160216n||az|||||||##########||||||||||||</controlfield>
         <datafield tag="040" ind1=" " ind2=" ">
            <subfield code="a">F-LANah</subfield>
         </datafield>
         <datafield tag="043" ind1=" " ind2=" ">
            <subfield code="c">XA-FR</subfield>
         </datafield>
         <datafield tag="110" ind1="2" ind2=" ">
            <subfield code="a">Musée d'art et d'histoire</subfield>
            <subfield code="c">Langres</subfield>
            <subfield code="g">F-LANah</subfield>
         </datafield>
         <datafield tag="622" ind1=" " ind2=" ">
            <subfield code="e">Musée d'art et d'histoire, Espace François Mitterand, F-52200, Langres</subfield>
         </datafield>
      </record>