
      <record>
         <leader>00000nz  a2200169   4500</leader>
         <controlfield tag="001">30006380</controlfield>
         <controlfield tag="003">RISM</controlfield>
         <controlfield tag="005">20160216</controlfield>
         <controlfield tag="008">160216n||az|||||||##########||||||||||||</controlfield>
         <datafield tag="040" ind1=" " ind2=" ">
            <subfield code="a">F-LANshal</subfield>
         </datafield>
         <datafield tag="043" ind1=" " ind2=" ">
            <subfield code="c">XA-FR</subfield>
         </datafield>
         <datafield tag="110" ind1="2" ind2=" ">
            <subfield code="a">Sociéte historique et archéologique de Langres (SHAL)</subfield>
            <subfield code="c">Langres</subfield>
            <subfield code="g">F-LANshal</subfield>
         </datafield>
         <datafield tag="622" ind1=" " ind2=" ">
            <subfield code="e">Sociéte historique et archéologique de, Langres (SHAL), Hôtel du Breuil de Saint Germain, Place, de Verdun, F-52208 Langres</subfield>
         </datafield>
      </record>