
      <record>
         <leader>00000nz  a2200169   4500</leader>
         <controlfield tag="001">30001456</controlfield>
         <controlfield tag="003">RISM</controlfield>
         <controlfield tag="005">20160216</controlfield>
         <controlfield tag="008">160216n||az|||||||##########||||||||||||</controlfield>
         <datafield tag="040" ind1=" " ind2=" ">
            <subfield code="a">F-Lfc</subfield>
         </datafield>
         <datafield tag="043" ind1=" " ind2=" ">
            <subfield code="c">XA-FR</subfield>
         </datafield>
         <datafield tag="110" ind1="2" ind2=" ">
            <subfield code="a">Facultés Catholiques, Bibliothèque</subfield>
            <subfield code="c">Lille</subfield>
            <subfield code="g">F-Lfc</subfield>
         </datafield>
         <datafield tag="410" ind1="2" ind2=" ">
            <subfield code="a">Facultés catholiques</subfield>
         </datafield>
         <datafield tag="622" ind1=" " ind2=" ">
            <subfield code="e">Facultés Catholiques, Bibliothèque, 60 Bd Vauban, F-59 Lille</subfield>
         </datafield>
      </record>