
      <record>
         <leader>00000nz  a2200169   4500</leader>
         <controlfield tag="001">30078117</controlfield>
         <controlfield tag="003">RISM</controlfield>
         <controlfield tag="005">20160216</controlfield>
         <controlfield tag="008">160216n||az|||||||##########||||||||||||</controlfield>
         <datafield tag="040" ind1=" " ind2=" ">
            <subfield code="a">F-LGad</subfield>
         </datafield>
         <datafield tag="043" ind1=" " ind2=" ">
            <subfield code="c">FR</subfield>
         </datafield>
         <datafield tag="110" ind1="2" ind2=" ">
            <subfield code="a">Archives départementales de la Haute-Vienne</subfield>
            <subfield code="c">Limoges</subfield>
            <subfield code="g">F-LGad</subfield>
         </datafield>
         <datafield tag="622" ind1=" " ind2=" ">
            <subfield code="e">Archives départementales de la,  Haute-Vienne, 1 allée Alfred Leroux, 87032  Limoges, France</subfield>
            <subfield code="u">http://www.archives-hautevienne.com/accueil/index.php4</subfield>
         </datafield>
      </record>