
      <record>
         <leader>00000nz  a2200169   4500</leader>
         <controlfield tag="001">30078109</controlfield>
         <controlfield tag="003">RISM</controlfield>
         <controlfield tag="005">20160216</controlfield>
         <controlfield tag="008">160216n||az|||||||##########||||||||||||</controlfield>
         <datafield tag="040" ind1=" " ind2=" ">
            <subfield code="a">F-LMtc</subfield>
         </datafield>
         <datafield tag="043" ind1=" " ind2=" ">
            <subfield code="c">FR</subfield>
         </datafield>
         <datafield tag="110" ind1="2" ind2=" ">
            <subfield code="a">Tresor de la Cathédrale</subfield>
            <subfield code="c">Le Mans</subfield>
            <subfield code="g">F-LMtc</subfield>
         </datafield>
         <datafield tag="622" ind1=" " ind2=" ">
            <subfield code="u">http://www.cathedraledumans.fr/</subfield>
         </datafield>
      </record>