
      <record>
         <leader>00000nz  a2200169   4500</leader>
         <controlfield tag="001">30076878</controlfield>
         <controlfield tag="003">RISM</controlfield>
         <controlfield tag="005">20160216</controlfield>
         <controlfield tag="008">160216n||az|||||||##########||||||||||||</controlfield>
         <datafield tag="040" ind1=" " ind2=" ">
            <subfield code="a">F-LPbd</subfield>
         </datafield>
         <datafield tag="043" ind1=" " ind2=" ">
            <subfield code="c">XA-FR</subfield>
         </datafield>
         <datafield tag="110" ind1="2" ind2=" ">
            <subfield code="a">La Bibliothèque diocésaine</subfield>
            <subfield code="c">Le Puy-en-Velay</subfield>
            <subfield code="g">F-LPbd</subfield>
         </datafield>
         <datafield tag="622" ind1=" " ind2=" ">
            <subfield code="u">http://catholique-lepuy.cef.fr/La-Bibliotheque-diocesaine.html</subfield>
         </datafield>
      </record>