
      <record>
         <leader>00000nz  a2200169   4500</leader>
         <controlfield tag="001">30001461</controlfield>
         <controlfield tag="003">RISM</controlfield>
         <controlfield tag="005">20160216</controlfield>
         <controlfield tag="008">160216n||az|||||||##########||||||||||||</controlfield>
         <datafield tag="040" ind1=" " ind2=" ">
            <subfield code="a">F-LYc</subfield>
         </datafield>
         <datafield tag="043" ind1=" " ind2=" ">
            <subfield code="c">XA-FR</subfield>
         </datafield>
         <datafield tag="110" ind1="2" ind2=" ">
            <subfield code="a">Conservatoire National de Musique</subfield>
            <subfield code="c">Lyon</subfield>
            <subfield code="g">F-LYc</subfield>
         </datafield>
         <datafield tag="410" ind1="2" ind2=" ">
            <subfield code="a">Conservatoire Régional de Musique</subfield>
         </datafield>
         <datafield tag="622" ind1=" " ind2=" ">
            <subfield code="e">Conservatoire National de Musique, 3 quai Chaveau, F-69009 Lyon</subfield>
            <subfield code="u">http://www.cnsmd-lyon.fr/</subfield>
         </datafield>
      </record>