
      <record>
         <leader>00000nz  a2200169   4500</leader>
         <controlfield tag="001">30006031</controlfield>
         <controlfield tag="003">RISM</controlfield>
         <controlfield tag="005">20160216</controlfield>
         <controlfield tag="008">160216n||az|||||||##########||||||||||||</controlfield>
         <datafield tag="040" ind1=" " ind2=" ">
            <subfield code="a">F-LYgt</subfield>
         </datafield>
         <datafield tag="043" ind1=" " ind2=" ">
            <subfield code="c">XA-FR</subfield>
         </datafield>
         <datafield tag="110" ind1="2" ind2=" ">
            <subfield code="a">Bibliothèque du Grand Temple de l'Église Réformée</subfield>
            <subfield code="c">Lyon</subfield>
            <subfield code="g">F-LYgt</subfield>
         </datafield>
         <datafield tag="622" ind1=" " ind2=" ">
            <subfield code="e">Bibliothèque du Grand Temple de, l'Église Réformée, 6, cours de la Libertè, F-69003 Lyon</subfield>
         </datafield>
      </record>