
      <record>
         <leader>00000nz  a2200169   4500</leader>
         <controlfield tag="001">30006033</controlfield>
         <controlfield tag="003">RISM</controlfield>
         <controlfield tag="005">20160216</controlfield>
         <controlfield tag="008">160216n||az|||||||##########||||||||||||</controlfield>
         <datafield tag="040" ind1=" " ind2=" ">
            <subfield code="a">F-LYmu</subfield>
         </datafield>
         <datafield tag="043" ind1=" " ind2=" ">
            <subfield code="c">XA-FR</subfield>
         </datafield>
         <datafield tag="110" ind1="2" ind2=" ">
            <subfield code="a">Bibliothèque du Département d'Éducation Musicale et de Musicologie, U.E.R. des Sciences de l'Homme et de son Environnement, Université Lyon II</subfield>
            <subfield code="c">Lyon</subfield>
            <subfield code="g">F-LYmu</subfield>
         </datafield>
         <datafield tag="622" ind1=" " ind2=" ">
            <subfield code="e">Bibliothèque du Département d'Éducati, Musicale et de Musicologie, U.E.R. des, Sciences de l'Homme et de son, Environnement, Université Lyon II, 18, quai Claude-Bernard, F-69365 Lyon, Cedex 2</subfield>
         </datafield>
      </record>