
      <record>
         <leader>00000nz  a2200169   4500</leader>
         <controlfield tag="001">30061529</controlfield>
         <controlfield tag="003">RISM</controlfield>
         <controlfield tag="005">20160216</controlfield>
         <controlfield tag="008">160216n||az|||||||##########||||||||||||</controlfield>
         <datafield tag="040" ind1=" " ind2=" ">
            <subfield code="a">F-MBa</subfield>
         </datafield>
         <datafield tag="043" ind1=" " ind2=" ">
            <subfield code="c">XA-FR</subfield>
         </datafield>
         <datafield tag="110" ind1="2" ind2=" ">
            <subfield code="a">Archives départementales des Yvelines</subfield>
            <subfield code="c">Montigny-le-Bretonneux</subfield>
            <subfield code="g">F-MBa</subfield>
         </datafield>
         <datafield tag="622" ind1=" " ind2=" ">
            <subfield code="e">Archives départementales des Yvelines, Quartier du Pas du Lac, 2, Avenue de Lunca, 78180 Montigny-le-Bretonneux, France</subfield>
            <subfield code="u">http://www.yvelines.fr/archives/</subfield>
         </datafield>
      </record>