
      <record>
         <leader>00000nz  a2200169   4500</leader>
         <controlfield tag="001">30001463</controlfield>
         <controlfield tag="003">RISM</controlfield>
         <controlfield tag="005">20160216</controlfield>
         <controlfield tag="008">160216n||az|||||||##########||||||||||||</controlfield>
         <datafield tag="040" ind1=" " ind2=" ">
            <subfield code="a">F-Mc</subfield>
         </datafield>
         <datafield tag="043" ind1=" " ind2=" ">
            <subfield code="c">XA-FR</subfield>
         </datafield>
         <datafield tag="110" ind1="2" ind2=" ">
            <subfield code="a">Bibliothèque du Conservatoire</subfield>
            <subfield code="c">Marseille</subfield>
            <subfield code="g">F-Mc</subfield>
         </datafield>
         <datafield tag="410" ind1="2" ind2=" ">
            <subfield code="a">Conservatoire de Musique et de Déclamation</subfield>
         </datafield>
         <datafield tag="622" ind1=" " ind2=" ">
            <subfield code="e">Bibliothèque du Conservatoire, 1 Rue de la Bibliothèque, F-13 Marseill</subfield>
         </datafield>
      </record>