
      <record>
         <leader>00000nz  a2200169   4500</leader>
         <controlfield tag="001">30005966</controlfield>
         <controlfield tag="003">RISM</controlfield>
         <controlfield tag="005">20160216</controlfield>
         <controlfield tag="008">160216n||az|||||||##########||||||||||||</controlfield>
         <datafield tag="040" ind1=" " ind2=" ">
            <subfield code="a">F-MENad</subfield>
         </datafield>
         <datafield tag="043" ind1=" " ind2=" ">
            <subfield code="c">F</subfield>
         </datafield>
         <datafield tag="110" ind1="2" ind2=" ">
            <subfield code="a">Archives départementales de la Lozère &lt;Mende&gt;</subfield>
            <subfield code="c">Mende</subfield>
            <subfield code="g">F-MENad</subfield>
         </datafield>
         <datafield tag="622" ind1=" " ind2=" ">
            <subfield code="e">Archives départementales de la Lozère, avenue du père Coudin, F-48000 Mende</subfield>
         </datafield>
      </record>