
      <record>
         <leader>00000nz  a2200169   4500</leader>
         <controlfield tag="001">30078144</controlfield>
         <controlfield tag="003">RISM</controlfield>
         <controlfield tag="005">20160216</controlfield>
         <controlfield tag="008">160216n||az|||||||##########||||||||||||</controlfield>
         <datafield tag="040" ind1=" " ind2=" ">
            <subfield code="a">F-MENbl</subfield>
         </datafield>
         <datafield tag="043" ind1=" " ind2=" ">
            <subfield code="c">FR</subfield>
         </datafield>
         <datafield tag="110" ind1="2" ind2=" ">
            <subfield code="a">Bibliothèque Lamartine</subfield>
            <subfield code="c">Mende</subfield>
            <subfield code="g">F-MENbl</subfield>
         </datafield>
         <datafield tag="410" ind1="2" ind2=" ">
            <subfield code="a">Bibliothèque municipale</subfield>
         </datafield>
         <datafield tag="622" ind1=" " ind2=" ">
            <subfield code="e">Bibliothèque Lamartine, Place du Foirail, 48000 Mende, France</subfield>
            <subfield code="u">http://www.mende.fr/31-bibliotheque-lamartine.html</subfield>
         </datafield>
      </record>