
      <record>
         <leader>00000nz  a2200169   4500</leader>
         <controlfield tag="001">30005962</controlfield>
         <controlfield tag="003">RISM</controlfield>
         <controlfield tag="005">20160216</controlfield>
         <controlfield tag="008">160216n||az|||||||##########||||||||||||</controlfield>
         <datafield tag="040" ind1=" " ind2=" ">
            <subfield code="a">F-MObm</subfield>
         </datafield>
         <datafield tag="043" ind1=" " ind2=" ">
            <subfield code="c">F</subfield>
         </datafield>
         <datafield tag="110" ind1="2" ind2=" ">
            <subfield code="a">Bibliothèque municipale &lt;Montpellier&gt;</subfield>
            <subfield code="c">Montpellier</subfield>
            <subfield code="g">F-MObm</subfield>
         </datafield>
         <datafield tag="622" ind1=" " ind2=" ">
            <subfield code="e">Bibliothèque municipale, 37, boulevard Bonne Nouvelle, F-34000, Montpellier</subfield>
         </datafield>
      </record>