
      <record>
         <leader>00000nz  a2200169   4500</leader>
         <controlfield tag="001">30002999</controlfield>
         <controlfield tag="003">RISM</controlfield>
         <controlfield tag="005">20160216</controlfield>
         <controlfield tag="008">160216n||az|||||||##########||||||||||||</controlfield>
         <datafield tag="040" ind1=" " ind2=" ">
            <subfield code="a">F-MOf</subfield>
         </datafield>
         <datafield tag="043" ind1=" " ind2=" ">
            <subfield code="c">XA-FR</subfield>
         </datafield>
         <datafield tag="110" ind1="2" ind2=" ">
            <subfield code="a">Faculté de Médecine</subfield>
            <subfield code="c">Montpellier</subfield>
            <subfield code="g">F-MOf</subfield>
         </datafield>
         <datafield tag="410" ind1="2" ind2=" ">
            <subfield code="a">Faculté de Médecine de l'Université</subfield>
         </datafield>
         <datafield tag="622" ind1=" " ind2=" ">
            <subfield code="e">Faculté de Médecine, 2 Rue de École de médecine (Boîte, postale 1135) F-34 Montpellier</subfield>
         </datafield>
      </record>