
      <record>
         <leader>00000nz  a2200169   4500</leader>
         <controlfield tag="001">30006610</controlfield>
         <controlfield tag="003">RISM</controlfield>
         <controlfield tag="005">20160216</controlfield>
         <controlfield tag="008">160216n||az|||||||##########||||||||||||</controlfield>
         <datafield tag="040" ind1=" " ind2=" ">
            <subfield code="a">F-MOip</subfield>
         </datafield>
         <datafield tag="043" ind1=" " ind2=" ">
            <subfield code="c">XA-FR</subfield>
         </datafield>
         <datafield tag="110" ind1="2" ind2=" ">
            <subfield code="a">Institut Protestant de Théologie</subfield>
            <subfield code="c">Montpellier</subfield>
            <subfield code="g">F-MOip</subfield>
         </datafield>
         <datafield tag="622" ind1=" " ind2=" ">
            <subfield code="e">Institut Protestant de Théologie, 13, rue Louis-Perrier, F-34000, Montpellier</subfield>
            <subfield code="u">http://www.iptheologie.fr</subfield>
         </datafield>
      </record>