
      <record>
         <leader>00000nz  a2200169   4500</leader>
         <controlfield tag="001">30005965</controlfield>
         <controlfield tag="003">RISM</controlfield>
         <controlfield tag="005">20160216</controlfield>
         <controlfield tag="008">160216n||az|||||||##########||||||||||||</controlfield>
         <datafield tag="040" ind1=" " ind2=" ">
            <subfield code="a">F-MOoc</subfield>
         </datafield>
         <datafield tag="043" ind1=" " ind2=" ">
            <subfield code="c">F</subfield>
         </datafield>
         <datafield tag="110" ind1="2" ind2=" ">
            <subfield code="a">Opéra Comédie &lt;Montpellier&gt;</subfield>
            <subfield code="c">Montpellier</subfield>
            <subfield code="g">F-MOoc</subfield>
         </datafield>
         <datafield tag="622" ind1=" " ind2=" ">
            <subfield code="e">Opéra Comédie, 11, boulevard Victor Hugo, F-34000, Montpellier</subfield>
         </datafield>
      </record>