
      <record>
         <leader>00000nz  a2200169   4500</leader>
         <controlfield tag="001">30003352</controlfield>
         <controlfield tag="003">RISM</controlfield>
         <controlfield tag="005">20160216</controlfield>
         <controlfield tag="008">160216n||az|||||||##########||||||||||||</controlfield>
         <datafield tag="040" ind1=" " ind2=" ">
            <subfield code="a">F-MOv</subfield>
         </datafield>
         <datafield tag="043" ind1=" " ind2=" ">
            <subfield code="c">XA-FR</subfield>
         </datafield>
         <datafield tag="110" ind1="2" ind2=" ">
            <subfield code="a">Bibliothèque de la Ville et du Musée Fabre</subfield>
            <subfield code="c">Montpellier</subfield>
            <subfield code="g">F-MOv</subfield>
         </datafield>
         <datafield tag="622" ind1=" " ind2=" ">
            <subfield code="e">Bibliothèque de la Ville et du Musée, Fabre, 37 bd Bonnes Nouvelles, F-34 Montpellier</subfield>
         </datafield>
      </record>