
      <record>
         <leader>00000nz  a2200169   4500</leader>
         <controlfield tag="001">30061542</controlfield>
         <controlfield tag="003">RISM</controlfield>
         <controlfield tag="005">20160216</controlfield>
         <controlfield tag="008">160216n||az|||||||##########||||||||||||</controlfield>
         <datafield tag="040" ind1=" " ind2=" ">
            <subfield code="a">F-Ncidre</subfield>
         </datafield>
         <datafield tag="043" ind1=" " ind2=" ">
            <subfield code="c">F</subfield>
         </datafield>
         <datafield tag="110" ind1="2" ind2=" ">
            <subfield code="a">Université, Centre interdépartemental de documentation et de recherche (CIDRe) &lt;Nantes&gt;</subfield>
            <subfield code="c">Nantes</subfield>
            <subfield code="g">F-Ncidre</subfield>
         </datafield>
         <datafield tag="622" ind1=" " ind2=" ">
            <subfield code="u">http://www.univ-nantes.fr/</subfield>
         </datafield>
      </record>