
      <record>
         <leader>00000nz  a2200169   4500</leader>
         <controlfield tag="001">30003353</controlfield>
         <controlfield tag="003">RISM</controlfield>
         <controlfield tag="005">20160216</controlfield>
         <controlfield tag="008">160216n||az|||||||##########||||||||||||</controlfield>
         <datafield tag="040" ind1=" " ind2=" ">
            <subfield code="a">F-Ne</subfield>
         </datafield>
         <datafield tag="043" ind1=" " ind2=" ">
            <subfield code="c">XA-FR</subfield>
         </datafield>
         <datafield tag="110" ind1="2" ind2=" ">
            <subfield code="a">École Nationale de Musique, d'Art dramatique et de Danse</subfield>
            <subfield code="c">Nantes</subfield>
            <subfield code="g">F-Ne</subfield>
         </datafield>
         <datafield tag="410" ind1="2" ind2=" ">
            <subfield code="a">Conservatoire National de Musique</subfield>
         </datafield>
         <datafield tag="622" ind1=" " ind2=" ">
            <subfield code="e">École Nationale de Musique, d'Art, dramatique et de Danse, 3 Rue Harrouys, F-44 Nantes</subfield>
         </datafield>
      </record>