
      <record>
         <leader>00000nz  a2200169   4500</leader>
         <controlfield tag="001">30061536</controlfield>
         <controlfield tag="003">RISM</controlfield>
         <controlfield tag="005">20160216</controlfield>
         <controlfield tag="008">160216n||az|||||||##########||||||||||||</controlfield>
         <datafield tag="040" ind1=" " ind2=" ">
            <subfield code="a">F-NEsla</subfield>
         </datafield>
         <datafield tag="043" ind1=" " ind2=" ">
            <subfield code="c">F</subfield>
         </datafield>
         <datafield tag="110" ind1="2" ind2=" ">
            <subfield code="a">Société nivernaise des Sciences, Lettres et Arts &lt;Nevers&gt;</subfield>
            <subfield code="c">Nevers</subfield>
            <subfield code="g">F-NEsla</subfield>
         </datafield>
      </record>