
      <record>
         <leader>00000nz  a2200169   4500</leader>
         <controlfield tag="001">30003355</controlfield>
         <controlfield tag="003">RISM</controlfield>
         <controlfield tag="005">20160216</controlfield>
         <controlfield tag="008">160216n||az|||||||##########||||||||||||</controlfield>
         <datafield tag="040" ind1=" " ind2=" ">
            <subfield code="a">F-NIc</subfield>
         </datafield>
         <datafield tag="043" ind1=" " ind2=" ">
            <subfield code="c">XA-FR</subfield>
         </datafield>
         <datafield tag="110" ind1="2" ind2=" ">
            <subfield code="a">Conservatoire de Musique</subfield>
            <subfield code="c">Nice</subfield>
            <subfield code="g">F-NIc</subfield>
         </datafield>
         <datafield tag="622" ind1=" " ind2=" ">
            <subfield code="e">Conservatoire de Musique, Villa "Il Paradiso", 24 bd de Cimiez, F, -06 Nice</subfield>
         </datafield>
      </record>