
      <record>
         <leader>00000nz  a2200169   4500</leader>
         <controlfield tag="001">30078182</controlfield>
         <controlfield tag="003">RISM</controlfield>
         <controlfield tag="005">20160216</controlfield>
         <controlfield tag="008">160216n||az|||||||##########||||||||||||</controlfield>
         <datafield tag="040" ind1=" " ind2=" ">
            <subfield code="a">F-NIpl</subfield>
         </datafield>
         <datafield tag="043" ind1=" " ind2=" ">
            <subfield code="c">FR</subfield>
         </datafield>
         <datafield tag="110" ind1="2" ind2=" ">
            <subfield code="a">Palais Lascaris</subfield>
            <subfield code="c">Nice</subfield>
            <subfield code="g">F-NIpl</subfield>
         </datafield>
         <datafield tag="622" ind1=" " ind2=" ">
            <subfield code="e">Palais Lascaris, 15, rue Droite (Vieux-Nice), 06364 Nice, France</subfield>
            <subfield code="u">http://www.nice.fr/Culture/Musees-et-expositions/Le-palais-Lascaris</subfield>
         </datafield>
      </record>