
      <record>
         <leader>00000nz  a2200169   4500</leader>
         <controlfield tag="001">30078131</controlfield>
         <controlfield tag="003">RISM</controlfield>
         <controlfield tag="005">20160216</controlfield>
         <controlfield tag="008">160216n||az|||||||##########||||||||||||</controlfield>
         <datafield tag="040" ind1=" " ind2=" ">
            <subfield code="a">F-NOm</subfield>
         </datafield>
         <datafield tag="043" ind1=" " ind2=" ">
            <subfield code="c">FR</subfield>
         </datafield>
         <datafield tag="110" ind1="2" ind2=" ">
            <subfield code="a">La médiathèque</subfield>
            <subfield code="c">Noyon</subfield>
            <subfield code="g">F-NOm</subfield>
         </datafield>
         <datafield tag="622" ind1=" " ind2=" ">
            <subfield code="e">La médiathèque, Place Aristide Briand, 60406 Noyon, France</subfield>
            <subfield code="u">http://www.ville-noyon.fr/-La-mediatheque-.html</subfield>
         </datafield>
      </record>