
      <record>
         <leader>00000nz  a2200169   4500</leader>
         <controlfield tag="001">30006611</controlfield>
         <controlfield tag="003">RISM</controlfield>
         <controlfield tag="005">20160216</controlfield>
         <controlfield tag="008">160216n||az|||||||##########||||||||||||</controlfield>
         <datafield tag="040" ind1=" " ind2=" ">
            <subfield code="a">F-NSm</subfield>
         </datafield>
         <datafield tag="043" ind1=" " ind2=" ">
            <subfield code="c">XA-FR</subfield>
         </datafield>
         <datafield tag="110" ind1="2" ind2=" ">
            <subfield code="a">École nationale de Musique, danses, art dramatique, chant</subfield>
            <subfield code="c">Nîmes</subfield>
            <subfield code="g">F-NSm</subfield>
         </datafield>
         <datafield tag="622" ind1=" " ind2=" ">
            <subfield code="e">École nationale de Musique, danses, art, dramatique, chant, 2 rue de la prévôté, F-30 000 Nîmes</subfield>
         </datafield>
      </record>