
      <record>
         <leader>00000nz  a2200169   4500</leader>
         <controlfield tag="001">30061544</controlfield>
         <controlfield tag="003">RISM</controlfield>
         <controlfield tag="005">20160216</controlfield>
         <controlfield tag="008">160216n||az|||||||##########||||||||||||</controlfield>
         <datafield tag="040" ind1=" " ind2=" ">
            <subfield code="a">F-Oad</subfield>
         </datafield>
         <datafield tag="043" ind1=" " ind2=" ">
            <subfield code="c">F</subfield>
         </datafield>
         <datafield tag="110" ind1="2" ind2=" ">
            <subfield code="a">Archives départementales du Loiret &lt;Orléans&gt;</subfield>
            <subfield code="c">Orléans</subfield>
            <subfield code="g">F-Oad</subfield>
         </datafield>
         <datafield tag="622" ind1=" " ind2=" ">
            <subfield code="u">http://www.loiret.com</subfield>
         </datafield>
      </record>