
      <record>
         <leader>00000nz  a2200169   4500</leader>
         <controlfield tag="001">30078015</controlfield>
         <controlfield tag="003">RISM</controlfield>
         <controlfield tag="005">20160216</controlfield>
         <controlfield tag="008">160216n||az|||||||##########||||||||||||</controlfield>
         <datafield tag="040" ind1=" " ind2=" ">
            <subfield code="a">F-Paba</subfield>
         </datafield>
         <datafield tag="043" ind1=" " ind2=" ">
            <subfield code="c">FR</subfield>
         </datafield>
         <datafield tag="110" ind1="2" ind2=" ">
            <subfield code="a">Académie des Beaux-Arts de l'Institut de France, Bibliothèque</subfield>
            <subfield code="c">Paris</subfield>
            <subfield code="g">F-Paba</subfield>
         </datafield>
      </record>