
      <record>
         <leader>00000nz  a2200169   4500</leader>
         <controlfield tag="001">30003356</controlfield>
         <controlfield tag="003">RISM</controlfield>
         <controlfield tag="005">20160216</controlfield>
         <controlfield tag="008">160216n||az|||||||##########||||||||||||</controlfield>
         <datafield tag="040" ind1=" " ind2=" ">
            <subfield code="a">F-Pal</subfield>
         </datafield>
         <datafield tag="043" ind1=" " ind2=" ">
            <subfield code="c">XA-FR</subfield>
         </datafield>
         <datafield tag="110" ind1="2" ind2=" ">
            <subfield code="a">American Library in Paris</subfield>
            <subfield code="c">Paris</subfield>
            <subfield code="g">F-Pal</subfield>
         </datafield>
         <datafield tag="622" ind1=" " ind2=" ">
            <subfield code="e">American Library in Paris, 10 rue du Général Camou, F-75 Paris</subfield>
         </datafield>
      </record>