
      <record>
         <leader>00000nz  a2200169   4500</leader>
         <controlfield tag="001">30080458</controlfield>
         <controlfield tag="003">RISM</controlfield>
         <controlfield tag="005">20160216</controlfield>
         <controlfield tag="008">160216n||az|||||||##########||||||||||||</controlfield>
         <datafield tag="040" ind1=" " ind2=" ">
            <subfield code="a">F-Pbcv</subfield>
         </datafield>
         <datafield tag="043" ind1=" " ind2=" ">
            <subfield code="c">XA-FR</subfield>
         </datafield>
         <datafield tag="110" ind1="2" ind2=" ">
            <subfield code="a">Bibliothèque des conservatoires de la Ville de Paris</subfield>
            <subfield code="c">Paris</subfield>
            <subfield code="g">F-Pbcv</subfield>
         </datafield>
         <datafield tag="622" ind1=" " ind2=" ">
            <subfield code="e">Bibliothèque des conservatoires de la,  Ville de Paris, Forum des Halles, 12 place carrée, 75001 Paris, France</subfield>
         </datafield>
      </record>