
      <record>
         <leader>00000nz  a2200169   4500</leader>
         <controlfield tag="001">30078147</controlfield>
         <controlfield tag="003">RISM</controlfield>
         <controlfield tag="005">20160216</controlfield>
         <controlfield tag="008">160216n||az|||||||##########||||||||||||</controlfield>
         <datafield tag="040" ind1=" " ind2=" ">
            <subfield code="a">F-Pcci</subfield>
         </datafield>
         <datafield tag="043" ind1=" " ind2=" ">
            <subfield code="c">FR</subfield>
         </datafield>
         <datafield tag="110" ind1="2" ind2=" ">
            <subfield code="a">Centre Culturel Irlandais, Bibliothèque</subfield>
            <subfield code="c">Paris</subfield>
            <subfield code="g">F-Pcci</subfield>
         </datafield>
         <datafield tag="622" ind1=" " ind2=" ">
            <subfield code="e">Centre Culturel Irlandais, Bibliothèque, 5 rue des Irlandais, 75005 Paris, France</subfield>
            <subfield code="u">http://www.centreculturelirlandais.com/modules/movie/scenes/home/</subfield>
         </datafield>
      </record>