
      <record>
         <leader>00000nz  a2200169   4500</leader>
         <controlfield tag="001">30076329</controlfield>
         <controlfield tag="003">RISM</controlfield>
         <controlfield tag="005">20160216</controlfield>
         <controlfield tag="008">160216n||az|||||||##########||||||||||||</controlfield>
         <datafield tag="040" ind1=" " ind2=" ">
            <subfield code="a">F-Pcp</subfield>
         </datafield>
         <datafield tag="043" ind1=" " ind2=" ">
            <subfield code="c">XA-FR</subfield>
         </datafield>
         <datafield tag="110" ind1="2" ind2=" ">
            <subfield code="a">Bibliothèque Centre Pompidou</subfield>
            <subfield code="c">Paris</subfield>
            <subfield code="g">F-Pcp</subfield>
         </datafield>
         <datafield tag="622" ind1=" " ind2=" ">
            <subfield code="e">Bibliothèque Centre Pompidou, Rue Beaubourg, 75004 Paris, France</subfield>
            <subfield code="u">http://www.bpi.fr</subfield>
         </datafield>
      </record>