
      <record>
         <leader>00000nz  a2200169   4500</leader>
         <controlfield tag="001">30005670</controlfield>
         <controlfield tag="003">RISM</controlfield>
         <controlfield tag="005">20160216</controlfield>
         <controlfield tag="008">160216n||az|||||||##########||||||||||||</controlfield>
         <datafield tag="040" ind1=" " ind2=" ">
            <subfield code="a">F-Pd</subfield>
         </datafield>
         <datafield tag="043" ind1=" " ind2=" ">
            <subfield code="c">XA-FR</subfield>
         </datafield>
         <datafield tag="110" ind1="2" ind2=" ">
            <subfield code="a">Centre de Documentation de la Musique contemporaine</subfield>
            <subfield code="c">Paris</subfield>
            <subfield code="g">F-Pd</subfield>
         </datafield>
         <datafield tag="622" ind1=" " ind2=" ">
            <subfield code="e">Centre de Documentation de la Musique, contemporaine, F-Paris</subfield>
         </datafield>
      </record>