
      <record>
         <leader>00000nz  a2200169   4500</leader>
         <controlfield tag="001">30003027</controlfield>
         <controlfield tag="003">RISM</controlfield>
         <controlfield tag="005">20160216</controlfield>
         <controlfield tag="008">160216n||az|||||||##########||||||||||||</controlfield>
         <datafield tag="040" ind1=" " ind2=" ">
            <subfield code="a">F-PE</subfield>
         </datafield>
         <datafield tag="043" ind1=" " ind2=" ">
            <subfield code="c">F</subfield>
         </datafield>
         <datafield tag="110" ind1="2" ind2=" ">
            <subfield code="a">Bibliothèque municipale &lt;Périgueux&gt;</subfield>
            <subfield code="c">Périgueux</subfield>
            <subfield code="g">F-PE</subfield>
         </datafield>
         <datafield tag="622" ind1=" " ind2=" ">
            <subfield code="e">Bibliothèque municipale, 20 Cours Tourny, F-24 Périgueux</subfield>
         </datafield>
      </record>