
      <record>
         <leader>00000nz  a2200169   4500</leader>
         <controlfield tag="001">30002984</controlfield>
         <controlfield tag="003">RISM</controlfield>
         <controlfield tag="005">20160216</controlfield>
         <controlfield tag="008">160216n||az|||||||##########||||||||||||</controlfield>
         <datafield tag="040" ind1=" " ind2=" ">
            <subfield code="a">F-Per</subfield>
         </datafield>
         <datafield tag="043" ind1=" " ind2=" ">
            <subfield code="c">XA-FR</subfield>
         </datafield>
         <datafield tag="110" ind1="2" ind2=" ">
            <subfield code="a">Séminaire Israélite de France</subfield>
            <subfield code="c">Paris</subfield>
            <subfield code="g">F-Per</subfield>
         </datafield>
         <datafield tag="410" ind1="2" ind2=" ">
            <subfield code="a">École rabbinique</subfield>
         </datafield>
         <datafield tag="622" ind1=" " ind2=" ">
            <subfield code="e">Séminaire Israélite de France, 9 Rue Vauquelin, f-75 Paris V</subfield>
         </datafield>
      </record>