
      <record>
         <leader>00000nz  a2200169   4500</leader>
         <controlfield tag="001">30006140</controlfield>
         <controlfield tag="003">RISM</controlfield>
         <controlfield tag="005">20160216</controlfield>
         <controlfield tag="008">160216n||az|||||||##########||||||||||||</controlfield>
         <datafield tag="040" ind1=" " ind2=" ">
            <subfield code="a">F-PERad</subfield>
         </datafield>
         <datafield tag="043" ind1=" " ind2=" ">
            <subfield code="c">XA-FR</subfield>
         </datafield>
         <datafield tag="110" ind1="2" ind2=" ">
            <subfield code="a">Archives départementales des Pyrénées orientales</subfield>
            <subfield code="c">Perpignan</subfield>
            <subfield code="g">F-PERad</subfield>
         </datafield>
         <datafield tag="622" ind1=" " ind2=" ">
            <subfield code="e">Archives départementales des Pyrénées, orientales, F-Perpignan</subfield>
         </datafield>
      </record>