
      <record>
         <leader>00000nz  a2200169   4500</leader>
         <controlfield tag="001">30079230</controlfield>
         <controlfield tag="003">RISM</controlfield>
         <controlfield tag="005">20160216</controlfield>
         <controlfield tag="008">160216n||az|||||||##########||||||||||||</controlfield>
         <datafield tag="040" ind1=" " ind2=" ">
            <subfield code="a">F-PERenm</subfield>
         </datafield>
         <datafield tag="043" ind1=" " ind2=" ">
            <subfield code="c">FR</subfield>
         </datafield>
         <datafield tag="110" ind1="2" ind2=" ">
            <subfield code="a">École Nationale de Musique</subfield>
            <subfield code="c">Perpignan</subfield>
            <subfield code="g">F-PERenm</subfield>
         </datafield>
         <datafield tag="622" ind1=" " ind2=" ">
            <subfield code="e">École Nationale de Musique, 1, rue des Joglars, 66000 Perpignan, France</subfield>
         </datafield>
      </record>