
      <record>
         <leader>00000nz  a2200169   4500</leader>
         <controlfield tag="001">30006094</controlfield>
         <controlfield tag="003">RISM</controlfield>
         <controlfield tag="005">20160216</controlfield>
         <controlfield tag="008">160216n||az|||||||##########||||||||||||</controlfield>
         <datafield tag="040" ind1=" " ind2=" ">
            <subfield code="a">F-Pgm</subfield>
         </datafield>
         <datafield tag="043" ind1=" " ind2=" ">
            <subfield code="c">XA-FR</subfield>
         </datafield>
         <datafield tag="110" ind1="2" ind2=" ">
            <subfield code="a">Médiathèque Musicale Mahler</subfield>
            <subfield code="c">Paris</subfield>
            <subfield code="g">F-Pgm</subfield>
         </datafield>
         <datafield tag="410" ind1="2" ind2=" ">
            <subfield code="a">Centre de Documentation Musicale-Bibliothèque Gustav Mahler</subfield>
         </datafield>
         <datafield tag="622" ind1=" " ind2=" ">
            <subfield code="e">Médiathèque Musicale Mahler, 11 bis Rue de Vézelay, 75008 Paris, France</subfield>
            <subfield code="u">http://www.mediathequemahler.org/</subfield>
         </datafield>
      </record>