
      <record>
         <leader>00000nz  a2200169   4500</leader>
         <controlfield tag="001">30001484</controlfield>
         <controlfield tag="003">RISM</controlfield>
         <controlfield tag="005">20160216</controlfield>
         <controlfield tag="008">160216n||az|||||||##########||||||||||||</controlfield>
         <datafield tag="040" ind1=" " ind2=" ">
            <subfield code="a">F-Pi</subfield>
         </datafield>
         <datafield tag="043" ind1=" " ind2=" ">
            <subfield code="c">XA-FR</subfield>
         </datafield>
         <datafield tag="110" ind1="2" ind2=" ">
            <subfield code="a">Bibliothèque de l'Institut de France</subfield>
            <subfield code="c">Paris</subfield>
            <subfield code="g">F-Pi</subfield>
         </datafield>
         <datafield tag="622" ind1=" " ind2=" ">
            <subfield code="e">Bibliothèque de l'Institut de France, 23, quai de Conti, CS 90618-75270 Paris cedex 06, France</subfield>
            <subfield code="u">http://www.bibliotheque-institutdefrance.fr/index.html</subfield>
         </datafield>
      </record>