
      <record>
         <leader>00000nz  a2200169   4500</leader>
         <controlfield tag="001">30003361</controlfield>
         <controlfield tag="003">RISM</controlfield>
         <controlfield tag="005">20160216</controlfield>
         <controlfield tag="008">160216n||az|||||||##########||||||||||||</controlfield>
         <datafield tag="040" ind1=" " ind2=" ">
            <subfield code="a">F-Pma</subfield>
         </datafield>
         <datafield tag="043" ind1=" " ind2=" ">
            <subfield code="c">XA-FR</subfield>
         </datafield>
         <datafield tag="110" ind1="2" ind2=" ">
            <subfield code="a">Musée National des Arts et Traditions Populaires</subfield>
            <subfield code="c">Paris</subfield>
            <subfield code="g">F-Pma</subfield>
         </datafield>
         <datafield tag="622" ind1=" " ind2=" ">
            <subfield code="e">Musée National des Arts et Traditions, Populaires, Route de Madrid à la Porte Maillot, (Bois de Boulogne), F-75 Paris XVI</subfield>
         </datafield>
      </record>