
      <record>
         <leader>00000nz  a2200169   4500</leader>
         <controlfield tag="001">30003362</controlfield>
         <controlfield tag="003">RISM</controlfield>
         <controlfield tag="005">20160216</controlfield>
         <controlfield tag="008">160216n||az|||||||##########||||||||||||</controlfield>
         <datafield tag="040" ind1=" " ind2=" ">
            <subfield code="a">F-Pmg</subfield>
         </datafield>
         <datafield tag="043" ind1=" " ind2=" ">
            <subfield code="c">XA-FR</subfield>
         </datafield>
         <datafield tag="110" ind1="2" ind2=" ">
            <subfield code="a">Musée Guimet</subfield>
            <subfield code="c">Paris</subfield>
            <subfield code="g">F-Pmg</subfield>
         </datafield>
         <datafield tag="622" ind1=" " ind2=" ">
            <subfield code="e">Musée Guimet, 6 Place d'Iéna, F-75 Paris XVI</subfield>
         </datafield>
      </record>