
      <record>
         <leader>00000nz  a2200169   4500</leader>
         <controlfield tag="001">30079216</controlfield>
         <controlfield tag="003">RISM</controlfield>
         <controlfield tag="005">20160216</controlfield>
         <controlfield tag="008">160216n||az|||||||##########||||||||||||</controlfield>
         <datafield tag="040" ind1=" " ind2=" ">
            <subfield code="a">F-Pmlm</subfield>
         </datafield>
         <datafield tag="043" ind1=" " ind2=" ">
            <subfield code="c">FR</subfield>
         </datafield>
         <datafield tag="110" ind1="2" ind2=" ">
            <subfield code="a">Musée des lettres et manuscrits</subfield>
            <subfield code="c">Paris</subfield>
            <subfield code="g">F-Pmlm</subfield>
         </datafield>
         <datafield tag="622" ind1=" " ind2=" ">
            <subfield code="e">Musée des lettres et manuscrits, 222, boulevard Saint-Germain, 75007 Paris, France</subfield>
            <subfield code="u">http://www.museedeslettres.fr/public/</subfield>
         </datafield>
      </record>