
      <record>
         <leader>00000nz  a2200169   4500</leader>
         <controlfield tag="001">30078110</controlfield>
         <controlfield tag="003">RISM</controlfield>
         <controlfield tag="005">20160216</controlfield>
         <controlfield tag="008">160216n||az|||||||##########||||||||||||</controlfield>
         <datafield tag="040" ind1=" " ind2=" ">
            <subfield code="a">F-Pmn</subfield>
         </datafield>
         <datafield tag="043" ind1=" " ind2=" ">
            <subfield code="c">FR</subfield>
         </datafield>
         <datafield tag="110" ind1="2" ind2=" ">
            <subfield code="a">Musée national du Moyen Âge</subfield>
            <subfield code="c">Paris</subfield>
            <subfield code="g">F-Pmn</subfield>
         </datafield>
         <datafield tag="410" ind1="2" ind2=" ">
            <subfield code="a">Musée de Cluny</subfield>
         </datafield>
         <datafield tag="622" ind1=" " ind2=" ">
            <subfield code="e">Musée national du Moyen Âge, 6 place Paul Painlevé, 75005 Paris, France</subfield>
            <subfield code="u">http://www.musee-moyenage.fr/</subfield>
         </datafield>
      </record>