
      <record>
         <leader>00000nz  a2200169   4500</leader>
         <controlfield tag="001">30001488</controlfield>
         <controlfield tag="003">RISM</controlfield>
         <controlfield tag="005">20160216</controlfield>
         <controlfield tag="008">160216n||az|||||||##########||||||||||||</controlfield>
         <datafield tag="040" ind1=" " ind2=" ">
            <subfield code="a">F-Pn</subfield>
         </datafield>
         <datafield tag="043" ind1=" " ind2=" ">
            <subfield code="c">XA-FR</subfield>
         </datafield>
         <datafield tag="110" ind1="2" ind2=" ">
            <subfield code="a">Bibliothèque nationale de France, Département de la Musique</subfield>
            <subfield code="c">Paris</subfield>
            <subfield code="g">F-Pn</subfield>
         </datafield>
         <datafield tag="622" ind1=" " ind2=" ">
            <subfield code="e">Bibliothèque nationale de France,, Département de la Musique, 2 rue Louvois, 75002 Paris, France</subfield>
            <subfield code="u">http://www.bnf.fr/</subfield>
         </datafield>
      </record>