
      <record>
         <leader>00000nz  a2200169   4500</leader>
         <controlfield tag="001">30080662</controlfield>
         <controlfield tag="003">RISM</controlfield>
         <controlfield tag="005">20160216</controlfield>
         <controlfield tag="008">160216n||az|||||||##########||||||||||||</controlfield>
         <datafield tag="040" ind1=" " ind2=" ">
            <subfield code="a">F-Pnla</subfield>
         </datafield>
         <datafield tag="043" ind1=" " ind2=" ">
            <subfield code="c">XA-FR</subfield>
         </datafield>
         <datafield tag="110" ind1="2" ind2=" ">
            <subfield code="a">Bibliothèque nationale de France, Département Littérature et art</subfield>
            <subfield code="c">Paris</subfield>
            <subfield code="g">F-Pnla</subfield>
         </datafield>
         <datafield tag="622" ind1=" " ind2=" ">
            <subfield code="e">Bibliothèque nationale de France,,  Département Littérature et art, Site François-Mitterrand, Quai François-Mauriac, 75706 Paris Cedex 13, France</subfield>
            <subfield code="u">http://www.bnf.fr/</subfield>
         </datafield>
      </record>