
      <record>
         <leader>00000nz  a2200169   4500</leader>
         <controlfield tag="001">30001489</controlfield>
         <controlfield tag="003">RISM</controlfield>
         <controlfield tag="005">20160216</controlfield>
         <controlfield tag="008">160216n||az|||||||##########||||||||||||</controlfield>
         <datafield tag="040" ind1=" " ind2=" ">
            <subfield code="a">F-Po</subfield>
         </datafield>
         <datafield tag="043" ind1=" " ind2=" ">
            <subfield code="c">XA-FR</subfield>
         </datafield>
         <datafield tag="110" ind1="2" ind2=" ">
            <subfield code="a">Bibliothèque-Musée de l'Opéra</subfield>
            <subfield code="c">Paris</subfield>
            <subfield code="g">F-Po</subfield>
         </datafield>
         <datafield tag="410" ind1="2" ind2=" ">
            <subfield code="a">Biblothèque de l'Opéra</subfield>
         </datafield>
         <datafield tag="410" ind1="2" ind2=" ">
            <subfield code="a">Musée de l'Opéra, Bibliothèque</subfield>
         </datafield>
         <datafield tag="622" ind1=" " ind2=" ">
            <subfield code="e">Bibliothèque-Musée de l'Opéra, 1 Place Charles Garnier (2 Rue Auber),, F-75 Paris IX</subfield>
         </datafield>
      </record>