
      <record>
         <leader>00000nz  a2200169   4500</leader>
         <controlfield tag="001">30003369</controlfield>
         <controlfield tag="003">RISM</controlfield>
         <controlfield tag="005">20160216</controlfield>
         <controlfield tag="008">160216n||az|||||||##########||||||||||||</controlfield>
         <datafield tag="040" ind1=" " ind2=" ">
            <subfield code="a">F-POu</subfield>
         </datafield>
         <datafield tag="043" ind1=" " ind2=" ">
            <subfield code="c">XA-FR</subfield>
         </datafield>
         <datafield tag="110" ind1="2" ind2=" ">
            <subfield code="a">Faculté des Lettres de l'Université de Poitiers, Section de Musicologie</subfield>
            <subfield code="c">Poitiers</subfield>
            <subfield code="g">F-POu</subfield>
         </datafield>
         <datafield tag="622" ind1=" " ind2=" ">
            <subfield code="e">Faculté des Lettres de l'Université de, Poitiers, Section de Musicologie, 8 Rue René Descartes, F-86 Poitiers</subfield>
         </datafield>
      </record>