
      <record>
         <leader>00000nz  a2200169   4500</leader>
         <controlfield tag="001">30003364</controlfield>
         <controlfield tag="003">RISM</controlfield>
         <controlfield tag="005">20160216</controlfield>
         <controlfield tag="008">160216n||az|||||||##########||||||||||||</controlfield>
         <datafield tag="040" ind1=" " ind2=" ">
            <subfield code="a">F-Pphon</subfield>
         </datafield>
         <datafield tag="043" ind1=" " ind2=" ">
            <subfield code="c">F</subfield>
         </datafield>
         <datafield tag="110" ind1="2" ind2=" ">
            <subfield code="a">Phonothèque Nationale, Bibliothèque et Musée &lt;Paris&gt;</subfield>
            <subfield code="c">Paris</subfield>
            <subfield code="g">F-Pphon</subfield>
         </datafield>
         <datafield tag="622" ind1=" " ind2=" ">
            <subfield code="e">Phonothèque Nationale, Bibliothèque et, Musée, 19 Rue des Bernardins, F-75 Paris V</subfield>
            <subfield code="u">http://www.ina.fr</subfield>
         </datafield>
      </record>