
      <record>
         <leader>00000nz  a2200169   4500</leader>
         <controlfield tag="001">30003365</controlfield>
         <controlfield tag="003">RISM</controlfield>
         <controlfield tag="005">20160216</controlfield>
         <controlfield tag="008">160216n||az|||||||##########||||||||||||</controlfield>
         <datafield tag="040" ind1=" " ind2=" ">
            <subfield code="a">F-Ppo</subfield>
         </datafield>
         <datafield tag="043" ind1=" " ind2=" ">
            <subfield code="c">F</subfield>
         </datafield>
         <datafield tag="110" ind1="2" ind2=" ">
            <subfield code="a">Bibliothèque Polonaise de Paris - Société Historique et Littéraire Polonaise &lt;Paris&gt;</subfield>
            <subfield code="c">Paris</subfield>
            <subfield code="g">F-Ppo</subfield>
         </datafield>
         <datafield tag="622" ind1=" " ind2=" ">
            <subfield code="e">Bibliothèque Polonaise de Paris -, Société Historique et Littéraire, Polonaise, 6 Quai d'Orléans, F-75 Paris IV</subfield>
            <subfield code="u">http://www.bibliotheque-polonaise-paris-shlp.fr</subfield>
         </datafield>
      </record>