
      <record>
         <leader>00000nz  a2200169   4500</leader>
         <controlfield tag="001">30001492</controlfield>
         <controlfield tag="003">RISM</controlfield>
         <controlfield tag="005">20160216</controlfield>
         <controlfield tag="008">160216n||az|||||||##########||||||||||||</controlfield>
         <datafield tag="040" ind1=" " ind2=" ">
            <subfield code="a">F-Prothschild</subfield>
         </datafield>
         <datafield tag="043" ind1=" " ind2=" ">
            <subfield code="c">XA-FR</subfield>
         </datafield>
         <datafield tag="110" ind1="2" ind2=" ">
            <subfield code="a">Collection Germaine de Rothschild (Baronne Edouard de)</subfield>
            <subfield code="c">Paris</subfield>
            <subfield code="g">F-Prothschild</subfield>
         </datafield>
         <datafield tag="410" ind1="2" ind2=" ">
            <subfield code="a">Germaine Baronne Edourd de Rothschild, private collection</subfield>
         </datafield>
         <datafield tag="622" ind1=" " ind2=" ">
            <subfield code="e">Collection Germaine de Rothschild, (Baronne Edouard de), 19 av Foch, F-75 Paris XVI</subfield>
         </datafield>
      </record>