
      <record>
         <leader>00000nz  a2200169   4500</leader>
         <controlfield tag="001">30003366</controlfield>
         <controlfield tag="003">RISM</controlfield>
         <controlfield tag="005">20160216</controlfield>
         <controlfield tag="008">160216n||az|||||||##########||||||||||||</controlfield>
         <datafield tag="040" ind1=" " ind2=" ">
            <subfield code="a">F-Prt</subfield>
         </datafield>
         <datafield tag="043" ind1=" " ind2=" ">
            <subfield code="c">F</subfield>
         </datafield>
         <datafield tag="110" ind1="2" ind2=" ">
            <subfield code="a">Office de Radiodiffusion-Télévision Française, Archives écrites et musée &lt;Paris&gt;</subfield>
            <subfield code="c">Paris</subfield>
            <subfield code="g">F-Prt</subfield>
         </datafield>
         <datafield tag="410" ind1="2" ind2=" ">
            <subfield code="a">Office de Radiodiffusion-Télévision Française</subfield>
         </datafield>
         <datafield tag="622" ind1=" " ind2=" ">
            <subfield code="e">Office de Radiodiffusion-Télévision, Française, Maison de la Radio, 116 av du Président, Kennedy, F-75 Paris XVI.e</subfield>
         </datafield>
      </record>