
      <record>
         <leader>00000nz  a2200169   4500</leader>
         <controlfield tag="001">30001496</controlfield>
         <controlfield tag="003">RISM</controlfield>
         <controlfield tag="005">20160216</controlfield>
         <controlfield tag="008">160216n||az|||||||##########||||||||||||</controlfield>
         <datafield tag="040" ind1=" " ind2=" ">
            <subfield code="a">F-Pthibault</subfield>
         </datafield>
         <datafield tag="043" ind1=" " ind2=" ">
            <subfield code="c">XA-FR</subfield>
         </datafield>
         <datafield tag="110" ind1="2" ind2=" ">
            <subfield code="a">Bibliothèque Geneviève Thibault</subfield>
            <subfield code="c">Paris</subfield>
            <subfield code="g">F-Pthibault</subfield>
         </datafield>
         <datafield tag="410" ind1="2" ind2=" ">
            <subfield code="a">Geneviève Thibault, private collection</subfield>
         </datafield>
         <datafield tag="580" ind1=" " ind2=" ">
            <subfield code="x">F-Pn</subfield>
            <subfield code="0">30001488</subfield>
         </datafield>
      </record>