
      <record>
         <leader>00000nz  a2200169   4500</leader>
         <controlfield tag="001">30078111</controlfield>
         <controlfield tag="003">RISM</controlfield>
         <controlfield tag="005">20160216</controlfield>
         <controlfield tag="008">160216n||az|||||||##########||||||||||||</controlfield>
         <datafield tag="040" ind1=" " ind2=" ">
            <subfield code="a">F-QUad</subfield>
         </datafield>
         <datafield tag="043" ind1=" " ind2=" ">
            <subfield code="c">FR</subfield>
         </datafield>
         <datafield tag="110" ind1="2" ind2=" ">
            <subfield code="a">Archives départementales du Finistère</subfield>
            <subfield code="c">Quimper</subfield>
            <subfield code="g">F-QUad</subfield>
         </datafield>
         <datafield tag="622" ind1=" " ind2=" ">
            <subfield code="e">Archives départementales du Finistère, 5 allée Henri Bourde de la Rogerie, 29000  Quimper, France</subfield>
            <subfield code="u">http://www.archives-finistere.fr/medias/</subfield>
         </datafield>
      </record>