
      <record>
         <leader>00000nz  a2200169   4500</leader>
         <controlfield tag="001">30001497</controlfield>
         <controlfield tag="003">RISM</controlfield>
         <controlfield tag="005">20160216</controlfield>
         <controlfield tag="008">160216n||az|||||||##########||||||||||||</controlfield>
         <datafield tag="040" ind1=" " ind2=" ">
            <subfield code="a">F-R</subfield>
         </datafield>
         <datafield tag="043" ind1=" " ind2=" ">
            <subfield code="c">XA-FR</subfield>
         </datafield>
         <datafield tag="110" ind1="2" ind2=" ">
            <subfield code="a">Bibliothèque Jacques-Villon</subfield>
            <subfield code="c">Rouen</subfield>
            <subfield code="g">F-R</subfield>
         </datafield>
         <datafield tag="410" ind1="2" ind2=" ">
            <subfield code="a">Bibliothèque municipale</subfield>
         </datafield>
         <datafield tag="622" ind1=" " ind2=" ">
            <subfield code="e">Bibliothèque Jacques-Villon, 3, rue Jacques-Villon, 76000 Rouen, France</subfield>
            <subfield code="u">http://rnbi.rouen.fr/fr</subfield>
         </datafield>
      </record>