
      <record>
         <leader>00000nz  a2200169   4500</leader>
         <controlfield tag="001">30078810</controlfield>
         <controlfield tag="003">RISM</controlfield>
         <controlfield tag="005">20160216</controlfield>
         <controlfield tag="008">160216n||az|||||||##########||||||||||||</controlfield>
         <datafield tag="040" ind1=" " ind2=" ">
            <subfield code="a">F-REad</subfield>
         </datafield>
         <datafield tag="043" ind1=" " ind2=" ">
            <subfield code="c">FR</subfield>
         </datafield>
         <datafield tag="110" ind1="2" ind2=" ">
            <subfield code="a">Archives départementales d’Ille-et-Vilaine</subfield>
            <subfield code="c">Rennes</subfield>
            <subfield code="g">F-REad</subfield>
         </datafield>
         <datafield tag="622" ind1=" " ind2=" ">
            <subfield code="e">Archives départementales,  d’Ille-et-Vilaine, 1 rue Jacques-Léonard, 35000 Rennes, France</subfield>
            <subfield code="u">http://archives.ille-et-vilaine.fr/</subfield>
         </datafield>
      </record>