
      <record>
         <leader>00000nz  a2200169   4500</leader>
         <controlfield tag="001">30061548</controlfield>
         <controlfield tag="003">RISM</controlfield>
         <controlfield tag="005">20160216</controlfield>
         <controlfield tag="008">160216n||az|||||||##########||||||||||||</controlfield>
         <datafield tag="040" ind1=" " ind2=" ">
            <subfield code="a">F-REscd</subfield>
         </datafield>
         <datafield tag="043" ind1=" " ind2=" ">
            <subfield code="c">F</subfield>
         </datafield>
         <datafield tag="110" ind1="2" ind2=" ">
            <subfield code="a">Service Commun de la Documentation, Université de Rennes &lt;Rennes&gt;</subfield>
            <subfield code="c">Rennes</subfield>
            <subfield code="g">F-REscd</subfield>
         </datafield>
         <datafield tag="622" ind1=" " ind2=" ">
            <subfield code="u">http://www.uhb.fr/scd/</subfield>
         </datafield>
      </record>