
      <record>
         <leader>00000nz  a2200169   4500</leader>
         <controlfield tag="001">30079225</controlfield>
         <controlfield tag="003">RISM</controlfield>
         <controlfield tag="005">20160216</controlfield>
         <controlfield tag="008">160216n||az|||||||##########||||||||||||</controlfield>
         <datafield tag="040" ind1=" " ind2=" ">
            <subfield code="a">F-RM</subfield>
         </datafield>
         <datafield tag="043" ind1=" " ind2=" ">
            <subfield code="c">FR</subfield>
         </datafield>
         <datafield tag="110" ind1="2" ind2=" ">
            <subfield code="a">Musée national des châteaux de Malmaison et Bois-Préau</subfield>
            <subfield code="c">Rueil Malmaison</subfield>
            <subfield code="g">F-RM</subfield>
         </datafield>
         <datafield tag="622" ind1=" " ind2=" ">
            <subfield code="e">Musée national des châteaux de Malmaison,  et Bois-Préau, Avenue du Château de Malmaison, 92500 Rueil Malmaison, France</subfield>
         </datafield>
      </record>