
      <record>
         <leader>00000nz  a2200169   4500</leader>
         <controlfield tag="001">30006387</controlfield>
         <controlfield tag="003">RISM</controlfield>
         <controlfield tag="005">20160216</controlfield>
         <controlfield tag="008">160216n||az|||||||##########||||||||||||</controlfield>
         <datafield tag="040" ind1=" " ind2=" ">
            <subfield code="a">F-RScn</subfield>
         </datafield>
         <datafield tag="043" ind1=" " ind2=" ">
            <subfield code="c">XA-FR</subfield>
         </datafield>
         <datafield tag="110" ind1="2" ind2=" ">
            <subfield code="a">Conservatoire national de région - musique et danse</subfield>
            <subfield code="c">Reims</subfield>
            <subfield code="g">F-RScn</subfield>
         </datafield>
         <datafield tag="622" ind1=" " ind2=" ">
            <subfield code="e">Conservatoire national de région -, musique et danse, 20 rue Gambetta, F-51100 Reims</subfield>
         </datafield>
      </record>