
      <record>
         <leader>00000nz  a2200169   4500</leader>
         <controlfield tag="001">30006386</controlfield>
         <controlfield tag="003">RISM</controlfield>
         <controlfield tag="005">20160216</controlfield>
         <controlfield tag="008">160216n||az|||||||##########||||||||||||</controlfield>
         <datafield tag="040" ind1=" " ind2=" ">
            <subfield code="a">F-RSd</subfield>
         </datafield>
         <datafield tag="043" ind1=" " ind2=" ">
            <subfield code="c">XA-FR</subfield>
         </datafield>
         <datafield tag="110" ind1="2" ind2=" ">
            <subfield code="a">Bibliothèque diocésaine</subfield>
            <subfield code="c">Reims</subfield>
            <subfield code="g">F-RSd</subfield>
         </datafield>
         <datafield tag="622" ind1=" " ind2=" ">
            <subfield code="e">Bibliothèque diocésaine, Maison diocéseine Saint-Sixte, 6 rue du, lieutenant Herduin, F-51100 Reims</subfield>
         </datafield>
      </record>