
      <record>
         <leader>00000nz  a2200169   4500</leader>
         <controlfield tag="001">30005609</controlfield>
         <controlfield tag="003">RISM</controlfield>
         <controlfield tag="005">20160216</controlfield>
         <controlfield tag="008">160216n||az|||||||##########||||||||||||</controlfield>
         <datafield tag="040" ind1=" " ind2=" ">
            <subfield code="a">F-Sad</subfield>
         </datafield>
         <datafield tag="043" ind1=" " ind2=" ">
            <subfield code="c">XA-FR</subfield>
         </datafield>
         <datafield tag="110" ind1="2" ind2=" ">
            <subfield code="a">Archives départementales du Bas-Rhin</subfield>
            <subfield code="c">Strasbourg</subfield>
            <subfield code="g">F-Sad</subfield>
         </datafield>
         <datafield tag="622" ind1=" " ind2=" ">
            <subfield code="e">Archives départementales du Bas-Rhin, 5-9 rue Fischart, F -  67000  Strasbourg</subfield>
         </datafield>
      </record>