
      <record>
         <leader>00000nz  a2200169   4500</leader>
         <controlfield tag="001">30006614</controlfield>
         <controlfield tag="003">RISM</controlfield>
         <controlfield tag="005">20160216</controlfield>
         <controlfield tag="008">160216n||az|||||||##########||||||||||||</controlfield>
         <datafield tag="040" ind1=" " ind2=" ">
            <subfield code="a">F-SAIc</subfield>
         </datafield>
         <datafield tag="043" ind1=" " ind2=" ">
            <subfield code="c">XA-FR</subfield>
         </datafield>
         <datafield tag="110" ind1="2" ind2=" ">
            <subfield code="a">Conservatoire de Musique et Danse</subfield>
            <subfield code="c">Saintes</subfield>
            <subfield code="g">F-SAIc</subfield>
         </datafield>
         <datafield tag="622" ind1=" " ind2=" ">
            <subfield code="e">Conservatoire de Musique et Danse, Abbaye aux Dames, F-17100 Saintes</subfield>
         </datafield>
      </record>