
      <record>
         <leader>00000nz  a2200169   4500</leader>
         <controlfield tag="001">30006035</controlfield>
         <controlfield tag="003">RISM</controlfield>
         <controlfield tag="005">20160216</controlfield>
         <controlfield tag="008">160216n||az|||||||##########||||||||||||</controlfield>
         <datafield tag="040" ind1=" " ind2=" ">
            <subfield code="a">F-SBbc</subfield>
         </datafield>
         <datafield tag="043" ind1=" " ind2=" ">
            <subfield code="c">XA-FR</subfield>
         </datafield>
         <datafield tag="110" ind1="2" ind2=" ">
            <subfield code="a">Bibliothèque de la Collégiale</subfield>
            <subfield code="c">Saint-Bonnet-Le-Château</subfield>
            <subfield code="g">F-SBbc</subfield>
         </datafield>
         <datafield tag="622" ind1=" " ind2=" ">
            <subfield code="e">Bibliothèque de la Collégiale, c/o M. Pierre Giry, 8, impasse de la, Sablière, F-42380 Saint-Bonnet-Le, -Château</subfield>
         </datafield>
      </record>