
      <record>
         <leader>00000nz  a2200169   4500</leader>
         <controlfield tag="001">30078113</controlfield>
         <controlfield tag="003">RISM</controlfield>
         <controlfield tag="005">20160216</controlfield>
         <controlfield tag="008">160216n||az|||||||##########||||||||||||</controlfield>
         <datafield tag="040" ind1=" " ind2=" ">
            <subfield code="a">F-Sbm</subfield>
         </datafield>
         <datafield tag="043" ind1=" " ind2=" ">
            <subfield code="c">FR</subfield>
         </datafield>
         <datafield tag="110" ind1="2" ind2=" ">
            <subfield code="a">Bibliothèque des Musées de Strasbourg</subfield>
            <subfield code="c">Strasbourg</subfield>
            <subfield code="g">F-Sbm</subfield>
         </datafield>
         <datafield tag="622" ind1=" " ind2=" ">
            <subfield code="e">Bibliothèque des Musées de Strasbourg, 1 place Hans Jean Arp, 67076  Strasbourg, France</subfield>
            <subfield code="u">http://www.musees.strasbourg.eu/index.php?page=contacts-biblio</subfield>
         </datafield>
      </record>