
      <record>
         <leader>00000nz  a2200169   4500</leader>
         <controlfield tag="001">30006613</controlfield>
         <controlfield tag="003">RISM</controlfield>
         <controlfield tag="005">20160216</controlfield>
         <controlfield tag="008">160216n||az|||||||##########||||||||||||</controlfield>
         <datafield tag="040" ind1=" " ind2=" ">
            <subfield code="a">F-SBR</subfield>
         </datafield>
         <datafield tag="043" ind1=" " ind2=" ">
            <subfield code="c">XA-FR</subfield>
         </datafield>
         <datafield tag="110" ind1="2" ind2=" ">
            <subfield code="a">Bibliothèque municipale de Saint-Brieuc</subfield>
            <subfield code="c">Saint-Brieuc</subfield>
            <subfield code="g">F-SBR</subfield>
         </datafield>
         <datafield tag="622" ind1=" " ind2=" ">
            <subfield code="e">Bibliothèque municipale de Saint-Brieuc, 44 Rue de 71éme R. I., F-22 0015 Saint, -Brieuc</subfield>
         </datafield>
      </record>