
      <record>
         <leader>00000nz  a2200169   4500</leader>
         <controlfield tag="001">30006612</controlfield>
         <controlfield tag="003">RISM</controlfield>
         <controlfield tag="005">20160216</controlfield>
         <controlfield tag="008">160216n||az|||||||##########||||||||||||</controlfield>
         <datafield tag="040" ind1=" " ind2=" ">
            <subfield code="a">F-SBRad</subfield>
         </datafield>
         <datafield tag="043" ind1=" " ind2=" ">
            <subfield code="c">XA-FR</subfield>
         </datafield>
         <datafield tag="110" ind1="2" ind2=" ">
            <subfield code="a">Archives départementales des Côtes-d'Amor</subfield>
            <subfield code="c">Saint-Brieuc</subfield>
            <subfield code="g">F-SBRad</subfield>
         </datafield>
         <datafield tag="622" ind1=" " ind2=" ">
            <subfield code="e">Archives départementales des Côtes, -d'Amor, 7, rue François-Merlet, F-22 000 Saint, -Brieuc</subfield>
         </datafield>
      </record>