
      <record>
         <leader>00000nz  a2200169   4500</leader>
         <controlfield tag="001">30061541</controlfield>
         <controlfield tag="003">RISM</controlfield>
         <controlfield tag="005">20160216</controlfield>
         <controlfield tag="008">160216n||az|||||||##########||||||||||||</controlfield>
         <datafield tag="040" ind1=" " ind2=" ">
            <subfield code="a">F-SC</subfield>
         </datafield>
         <datafield tag="043" ind1=" " ind2=" ">
            <subfield code="c">F</subfield>
         </datafield>
         <datafield tag="110" ind1="2" ind2=" ">
            <subfield code="a">Bibliothèque municipale &lt;Saint-Calais&gt;</subfield>
            <subfield code="c">Saint-Calais</subfield>
            <subfield code="g">F-SC</subfield>
         </datafield>
      </record>