
      <record>
         <leader>00000nz  a2200169   4500</leader>
         <controlfield tag="001">30079227</controlfield>
         <controlfield tag="003">RISM</controlfield>
         <controlfield tag="005">20160216</controlfield>
         <controlfield tag="008">160216n||az|||||||##########||||||||||||</controlfield>
         <datafield tag="040" ind1=" " ind2=" ">
            <subfield code="a">F-SDEme</subfield>
         </datafield>
         <datafield tag="043" ind1=" " ind2=" ">
            <subfield code="c">FR</subfield>
         </datafield>
         <datafield tag="110" ind1="2" ind2=" ">
            <subfield code="a">Maison d'Éducation de la Légion d'Honneur</subfield>
            <subfield code="c">Saint-Denis</subfield>
            <subfield code="g">F-SDEme</subfield>
         </datafield>
         <datafield tag="622" ind1=" " ind2=" ">
            <subfield code="e">Maison d'Éducation de la Légion,  d'Honneur, 5, rue de la Légion d'Honneur, 93206 Saint-Denis, France</subfield>
         </datafield>
      </record>