
      <record>
         <leader>00000nz  a2200169   4500</leader>
         <controlfield tag="001">30080439</controlfield>
         <controlfield tag="003">RISM</controlfield>
         <controlfield tag="005">20160216</controlfield>
         <controlfield tag="008">160216n||az|||||||##########||||||||||||</controlfield>
         <datafield tag="040" ind1=" " ind2=" ">
            <subfield code="a">F-SÉEmc</subfield>
         </datafield>
         <datafield tag="043" ind1=" " ind2=" ">
            <subfield code="c">FR</subfield>
         </datafield>
         <datafield tag="110" ind1="2" ind2=" ">
            <subfield code="a">Médiathèque Centrale de Tarentaize</subfield>
            <subfield code="c">Saint-Étienne</subfield>
            <subfield code="g">F-SÉEmc</subfield>
         </datafield>
         <datafield tag="622" ind1=" " ind2=" ">
            <subfield code="e">Médiathèque Centrale de Tarentaize, 20 - 24, rue Jo Gouttebarge, BP 25, 42001 Saint-Étienne cedex 1, France</subfield>
            <subfield code="u">http://www.bm-st-etienne.com/EXPLOITATION/Default/infos-pratiques-tarentaize.aspx#</subfield>
         </datafield>
      </record>