
      <record>
         <leader>00000nz  a2200169   4500</leader>
         <controlfield tag="001">30005967</controlfield>
         <controlfield tag="003">RISM</controlfield>
         <controlfield tag="005">20160216</controlfield>
         <controlfield tag="008">160216n||az|||||||##########||||||||||||</controlfield>
         <datafield tag="040" ind1=" " ind2=" ">
            <subfield code="a">F-SÈT</subfield>
         </datafield>
         <datafield tag="043" ind1=" " ind2=" ">
            <subfield code="c">XA-FR</subfield>
         </datafield>
         <datafield tag="110" ind1="2" ind2=" ">
            <subfield code="a">Médiathèque</subfield>
            <subfield code="c">Sète</subfield>
            <subfield code="g">F-SÈT</subfield>
         </datafield>
         <datafield tag="622" ind1=" " ind2=" ">
            <subfield code="e">Médiathèque, boulevard Danielle Casanova, F-34201, Sète cedex</subfield>
         </datafield>
      </record>