
      <record>
         <leader>00000nz  a2200169   4500</leader>
         <controlfield tag="001">30079223</controlfield>
         <controlfield tag="003">RISM</controlfield>
         <controlfield tag="005">20160216</controlfield>
         <controlfield tag="008">160216n||az|||||||##########||||||||||||</controlfield>
         <datafield tag="040" ind1=" " ind2=" ">
            <subfield code="a">F-SGE</subfield>
         </datafield>
         <datafield tag="043" ind1=" " ind2=" ">
            <subfield code="c">FR</subfield>
         </datafield>
         <datafield tag="110" ind1="2" ind2=" ">
            <subfield code="a">Maison d'Éducation de la Légion d'Honneur</subfield>
            <subfield code="c">Saint-Germain-en-Laye</subfield>
            <subfield code="g">F-SGE</subfield>
         </datafield>
         <datafield tag="622" ind1=" " ind2=" ">
            <subfield code="e">Maison d'Éducation de la Légion,  d'Honneur, Maison des loges, 78100 Saint-Germain-en-Laye, France</subfield>
         </datafield>
      </record>