
      <record>
         <leader>00000nz  a2200169   4500</leader>
         <controlfield tag="001">30003930</controlfield>
         <controlfield tag="003">RISM</controlfield>
         <controlfield tag="005">20160216</controlfield>
         <controlfield tag="008">160216n||az|||||||##########||||||||||||</controlfield>
         <datafield tag="040" ind1=" " ind2=" ">
            <subfield code="a">F-Sgs</subfield>
         </datafield>
         <datafield tag="043" ind1=" " ind2=" ">
            <subfield code="c">XA-FR</subfield>
         </datafield>
         <datafield tag="110" ind1="2" ind2=" ">
            <subfield code="a">Grand Séminaire, Bibliothèque musicale</subfield>
            <subfield code="c">Strasbourg</subfield>
            <subfield code="g">F-Sgs</subfield>
         </datafield>
         <datafield tag="410" ind1="2" ind2=" ">
            <subfield code="a">Grande Séminaire</subfield>
         </datafield>
         <datafield tag="410" ind1="2" ind2=" ">
            <subfield code="a">Séminaire catholique, Union Sainte Cécile du Diocèse de Strasbourg</subfield>
         </datafield>
         <datafield tag="410" ind1="2" ind2=" ">
            <subfield code="a">Bibliothèque du Grand Séminaire (fonds général)</subfield>
         </datafield>
         <datafield tag="410" ind1="2" ind2=" ">
            <subfield code="a">Grand Séminaire, fonds musical (Union Ste-Cécile)</subfield>
         </datafield>
         <datafield tag="622" ind1=" " ind2=" ">
            <subfield code="e">Grand Séminaire, Bibliothèque musicale, 2 Rue des Frères, F -  67000 Strasbourg</subfield>
         </datafield>
      </record>