
      <record>
         <leader>00000nz  a2200169   4500</leader>
         <controlfield tag="001">30079229</controlfield>
         <controlfield tag="003">RISM</controlfield>
         <controlfield tag="005">20160216</controlfield>
         <controlfield tag="008">160216n||az|||||||##########||||||||||||</controlfield>
         <datafield tag="040" ind1=" " ind2=" ">
            <subfield code="a">F-SHI</subfield>
         </datafield>
         <datafield tag="043" ind1=" " ind2=" ">
            <subfield code="c">FR</subfield>
         </datafield>
         <datafield tag="110" ind1="2" ind2=" ">
            <subfield code="a">Bibliothèque Roure-Sarran</subfield>
            <subfield code="c">Saint-Hippolyte-du-Fort</subfield>
            <subfield code="g">F-SHI</subfield>
         </datafield>
         <datafield tag="622" ind1=" " ind2=" ">
            <subfield code="e">Bibliothèque Roure-Sarran, 36 cours Gambetta, 30170 Saint-Hippolyte-du-Fort, France</subfield>
         </datafield>
      </record>