
      <record>
         <leader>00000nz  a2200169   4500</leader>
         <controlfield tag="001">30001502</controlfield>
         <controlfield tag="003">RISM</controlfield>
         <controlfield tag="005">20160216</controlfield>
         <controlfield tag="008">160216n||az|||||||##########||||||||||||</controlfield>
         <datafield tag="040" ind1=" " ind2=" ">
            <subfield code="a">F-Sim</subfield>
         </datafield>
         <datafield tag="043" ind1=" " ind2=" ">
            <subfield code="c">XA-FR</subfield>
         </datafield>
         <datafield tag="110" ind1="2" ind2=" ">
            <subfield code="a">Institut de Musicologie de l'Université</subfield>
            <subfield code="c">Strasbourg</subfield>
            <subfield code="g">F-Sim</subfield>
         </datafield>
         <datafield tag="410" ind1="2" ind2=" ">
            <subfield code="a">Université des Sciences Humaines de Strasbourg</subfield>
         </datafield>
         <datafield tag="410" ind1="2" ind2=" ">
            <subfield code="a">Institut de musicologie</subfield>
         </datafield>
         <datafield tag="410" ind1="2" ind2=" ">
            <subfield code="a">Bibliothèque de l'Institut de Musicologie</subfield>
         </datafield>
         <datafield tag="622" ind1=" " ind2=" ">
            <subfield code="e">Institut de Musicologie de l'Université, 25 Rue du Soleil, F-67 Strasbourg</subfield>
         </datafield>
      </record>