
      <record>
         <leader>00000nz  a2200169   4500</leader>
         <controlfield tag="001">30006576</controlfield>
         <controlfield tag="003">RISM</controlfield>
         <controlfield tag="005">20160216</controlfield>
         <controlfield tag="008">160216n||az|||||||##########||||||||||||</controlfield>
         <datafield tag="040" ind1=" " ind2=" ">
            <subfield code="a">F-SLT</subfield>
         </datafield>
         <datafield tag="043" ind1=" " ind2=" ">
            <subfield code="c">XA-FR</subfield>
         </datafield>
         <datafield tag="110" ind1="2" ind2=" ">
            <subfield code="a">Bibliothèque de l'Abbaye de La Trappe &lt;Recht kurz und leise zu singen&gt;</subfield>
            <subfield code="c">Soligny-La-Trappe</subfield>
            <subfield code="g">F-SLT</subfield>
         </datafield>
      </record>