
      <record>
         <leader>00000nz  a2200169   4500</leader>
         <controlfield tag="001">30005748</controlfield>
         <controlfield tag="003">RISM</controlfield>
         <controlfield tag="005">20160216</controlfield>
         <controlfield tag="008">160216n||az|||||||##########||||||||||||</controlfield>
         <datafield tag="040" ind1=" " ind2=" ">
            <subfield code="a">F-SMcusset</subfield>
         </datafield>
         <datafield tag="043" ind1=" " ind2=" ">
            <subfield code="c">XA-FR</subfield>
         </datafield>
         <datafield tag="110" ind1="2" ind2=" ">
            <subfield code="a">F. Cusset, private collection</subfield>
            <subfield code="c">Saint-Mandé</subfield>
            <subfield code="g">F-SMcusset</subfield>
         </datafield>
      </record>