
      <record>
         <leader>00000nz  a2200169   4500</leader>
         <controlfield tag="001">30001503</controlfield>
         <controlfield tag="003">RISM</controlfield>
         <controlfield tag="005">20160216</controlfield>
         <controlfield tag="008">160216n||az|||||||##########||||||||||||</controlfield>
         <datafield tag="040" ind1=" " ind2=" ">
            <subfield code="a">F-Sn</subfield>
         </datafield>
         <datafield tag="043" ind1=" " ind2=" ">
            <subfield code="c">XA-FR</subfield>
         </datafield>
         <datafield tag="110" ind1="2" ind2=" ">
            <subfield code="a">Bibliothèque nationale et universitaire</subfield>
            <subfield code="c">Strasbourg</subfield>
            <subfield code="g">F-Sn</subfield>
         </datafield>
         <datafield tag="622" ind1=" " ind2=" ">
            <subfield code="e">Bibliothèque nationale et universitaire, 5 rue du Maréchal Joffre, Postfach 51029, 67070 Strasbourg cedex, France</subfield>
            <subfield code="u">http://www.bnu.fr/BNU/FR</subfield>
         </datafield>
      </record>