
      <record>
         <leader>00000nz  a2200169   4500</leader>
         <controlfield tag="001">30003031</controlfield>
         <controlfield tag="003">RISM</controlfield>
         <controlfield tag="005">20160216</controlfield>
         <controlfield tag="008">160216n||az|||||||##########||||||||||||</controlfield>
         <datafield tag="040" ind1=" " ind2=" ">
            <subfield code="a">F-SO</subfield>
         </datafield>
         <datafield tag="043" ind1=" " ind2=" ">
            <subfield code="c">F</subfield>
         </datafield>
         <datafield tag="110" ind1="2" ind2=" ">
            <subfield code="a">Abbaye de Saint-Pierre de Solesmes &lt;Solesmes&gt;</subfield>
            <subfield code="c">Solesmes</subfield>
            <subfield code="g">F-SO</subfield>
         </datafield>
         <datafield tag="622" ind1=" " ind2=" ">
            <subfield code="e">Abbaye de Saint-Pierre de Solesmes, F- Solesmes, Post office: F-72 Sablé, -sur-Sarthe</subfield>
         </datafield>
      </record>