
      <record>
         <leader>00000nz  a2200169   4500</leader>
         <controlfield tag="001">30076366</controlfield>
         <controlfield tag="003">RISM</controlfield>
         <controlfield tag="005">20160216</controlfield>
         <controlfield tag="008">160216n||az|||||||##########||||||||||||</controlfield>
         <datafield tag="040" ind1=" " ind2=" ">
            <subfield code="a">F-Son</subfield>
         </datafield>
         <datafield tag="043" ind1=" " ind2=" ">
            <subfield code="c">XA-FR</subfield>
         </datafield>
         <datafield tag="110" ind1="2" ind2=" ">
            <subfield code="a">Opéra national du Rhin, Bibliothèque</subfield>
            <subfield code="c">Strasbourg</subfield>
            <subfield code="g">F-Son</subfield>
         </datafield>
         <datafield tag="622" ind1=" " ind2=" ">
            <subfield code="e">Opéra national du Rhin, 19 place Broglie, F -  67008 Strasbourg</subfield>
            <subfield code="u">http://www.operanationaldurhin.eu</subfield>
         </datafield>
      </record>