
      <record>
         <leader>00000nz  a2200169   4500</leader>
         <controlfield tag="001">30070516</controlfield>
         <controlfield tag="003">RISM</controlfield>
         <controlfield tag="005">20160216</controlfield>
         <controlfield tag="008">160216n||az|||||||##########||||||||||||</controlfield>
         <datafield tag="040" ind1=" " ind2=" ">
            <subfield code="a">F-SPCc</subfield>
         </datafield>
         <datafield tag="043" ind1=" " ind2=" ">
            <subfield code="c">FR</subfield>
         </datafield>
         <datafield tag="110" ind1="2" ind2=" ">
            <subfield code="a">Couvent de la Grande Chartreuse</subfield>
            <subfield code="c">Saint-Pierre-de-Chartreuse</subfield>
            <subfield code="g">F-SPCc</subfield>
         </datafield>
         <datafield tag="622" ind1=" " ind2=" ">
            <subfield code="e">Couvent de la Grande Chartreuse, 38380 Saint-Pierre-de-Chartreuse, France</subfield>
         </datafield>
      </record>