
      <record>
         <leader>00000nz  a2200169   4500</leader>
         <controlfield tag="001">30079226</controlfield>
         <controlfield tag="003">RISM</controlfield>
         <controlfield tag="005">20160216</controlfield>
         <controlfield tag="008">160216n||az|||||||##########||||||||||||</controlfield>
         <datafield tag="040" ind1=" " ind2=" ">
            <subfield code="a">F-SRE</subfield>
         </datafield>
         <datafield tag="043" ind1=" " ind2=" ">
            <subfield code="c">FR</subfield>
         </datafield>
         <datafield tag="110" ind1="2" ind2=" ">
            <subfield code="a">Fondation de Coubertin</subfield>
            <subfield code="c">Saint-Rémy-lès-Chevreuse</subfield>
            <subfield code="g">F-SRE</subfield>
         </datafield>
         <datafield tag="622" ind1=" " ind2=" ">
            <subfield code="e">Fondation de Coubertin, Domaine de Coubertin, 78470 Saint-Rémy-lès-Chevreuse, France</subfield>
         </datafield>
      </record>