
      <record>
         <leader>00000nz  a2200169   4500</leader>
         <controlfield tag="001">30005749</controlfield>
         <controlfield tag="003">RISM</controlfield>
         <controlfield tag="005">20160216</controlfield>
         <controlfield tag="008">160216n||az|||||||##########||||||||||||</controlfield>
         <datafield tag="040" ind1=" " ind2=" ">
            <subfield code="a">F-SRPalmeida</subfield>
         </datafield>
         <datafield tag="043" ind1=" " ind2=" ">
            <subfield code="c">XA-FR</subfield>
         </datafield>
         <datafield tag="110" ind1="2" ind2=" ">
            <subfield code="a">A. de Almeida, private collection</subfield>
            <subfield code="c">Saint-Rémy-de-Provence</subfield>
            <subfield code="g">F-SRPalmeida</subfield>
         </datafield>
      </record>