
      <record>
         <leader>00000nz  a2200169   4500</leader>
         <controlfield tag="001">30003371</controlfield>
         <controlfield tag="003">RISM</controlfield>
         <controlfield tag="005">20160216</controlfield>
         <controlfield tag="008">160216n||az|||||||##########||||||||||||</controlfield>
         <datafield tag="040" ind1=" " ind2=" ">
            <subfield code="a">F-Ssa</subfield>
         </datafield>
         <datafield tag="043" ind1=" " ind2=" ">
            <subfield code="c">XA-FR</subfield>
         </datafield>
         <datafield tag="110" ind1="2" ind2=" ">
            <subfield code="a">Société des Amis des Arts de Strasbourg</subfield>
            <subfield code="c">Strasbourg</subfield>
            <subfield code="g">F-Ssa</subfield>
         </datafield>
         <datafield tag="622" ind1=" " ind2=" ">
            <subfield code="e">Société des Amis des Arts de Strasbour, 20 Rue des Serruriers, F-67 Strasbourg</subfield>
         </datafield>
      </record>