
      <record>
         <leader>00000nz  a2200169   4500</leader>
         <controlfield tag="001">30002990</controlfield>
         <controlfield tag="003">RISM</controlfield>
         <controlfield tag="005">20160216</controlfield>
         <controlfield tag="008">160216n||az|||||||##########||||||||||||</controlfield>
         <datafield tag="040" ind1=" " ind2=" ">
            <subfield code="a">F-Sschlaefli</subfield>
         </datafield>
         <datafield tag="043" ind1=" " ind2=" ">
            <subfield code="c">XA-FR</subfield>
         </datafield>
         <datafield tag="110" ind1="2" ind2=" ">
            <subfield code="a">Privatbesitz L. Schlaefli</subfield>
            <subfield code="c">Strasbourg</subfield>
            <subfield code="g">F-Sschlaefli</subfield>
         </datafield>
         <datafield tag="580" ind1=" " ind2=" ">
            <subfield code="x">F-Sc</subfield>
            <subfield code="0">30001500</subfield>
         </datafield>
      </record>