
      <record>
         <leader>00000nz  a2200169   4500</leader>
         <controlfield tag="001">30001504</controlfield>
         <controlfield tag="003">RISM</controlfield>
         <controlfield tag="005">20160216</controlfield>
         <controlfield tag="008">160216n||az|||||||##########||||||||||||</controlfield>
         <datafield tag="040" ind1=" " ind2=" ">
            <subfield code="a">F-Ssp</subfield>
         </datafield>
         <datafield tag="043" ind1=" " ind2=" ">
            <subfield code="c">XA-FR</subfield>
         </datafield>
         <datafield tag="110" ind1="2" ind2=" ">
            <subfield code="a">Bibliothèque du Séminaire Protestant</subfield>
            <subfield code="c">Strasbourg</subfield>
            <subfield code="g">F-Ssp</subfield>
         </datafield>
         <datafield tag="410" ind1="2" ind2=" ">
            <subfield code="a">Collegium Wilhelmitanum</subfield>
         </datafield>
         <datafield tag="410" ind1="2" ind2=" ">
            <subfield code="a">Séminaire protestant</subfield>
         </datafield>
         <datafield tag="622" ind1=" " ind2=" ">
            <subfield code="e">Bibliothèque du Séminaire Protestant, 1 bis Quai Saint-Thomas, F -  67000 Strasbourg</subfield>
         </datafield>
      </record>