
      <record>
         <leader>00000nz  a2200169   4500</leader>
         <controlfield tag="001">30061537</controlfield>
         <controlfield tag="003">RISM</controlfield>
         <controlfield tag="005">20160216</controlfield>
         <controlfield tag="008">160216n||az|||||||##########||||||||||||</controlfield>
         <datafield tag="040" ind1=" " ind2=" ">
            <subfield code="a">F-ST</subfield>
         </datafield>
         <datafield tag="043" ind1=" " ind2=" ">
            <subfield code="c">F</subfield>
         </datafield>
         <datafield tag="110" ind1="2" ind2=" ">
            <subfield code="a">Château d'Aulteribe</subfield>
            <subfield code="c">Sermentizon</subfield>
            <subfield code="g">F-ST</subfield>
         </datafield>
         <datafield tag="622" ind1=" " ind2=" ">
            <subfield code="e">Château d'Aulteribe, 63120  Sermentizon, France</subfield>
         </datafield>
      </record>