
      <record>
         <leader>00000nz  a2200169   4500</leader>
         <controlfield tag="001">30079219</controlfield>
         <controlfield tag="003">RISM</controlfield>
         <controlfield tag="005">20160216</controlfield>
         <controlfield tag="008">160216n||az|||||||##########||||||||||||</controlfield>
         <datafield tag="040" ind1=" " ind2=" ">
            <subfield code="a">F-SVR</subfield>
         </datafield>
         <datafield tag="043" ind1=" " ind2=" ">
            <subfield code="c">FR</subfield>
         </datafield>
         <datafield tag="110" ind1="2" ind2=" ">
            <subfield code="a">Mairie, Bibliothèque</subfield>
            <subfield code="c">Saint-Victor-sur-Rhins</subfield>
            <subfield code="g">F-SVR</subfield>
         </datafield>
         <datafield tag="622" ind1=" " ind2=" ">
            <subfield code="e">Mairie, Bibliothèque, 8, Rue de Thizy, 42630 Saint-Victor-sur-Rhins, France</subfield>
            <subfield code="u">http://www.stvictorsurrhins.fr/</subfield>
         </datafield>
      </record>