
      <record>
         <leader>00000nz  a2200169   4500</leader>
         <controlfield tag="001">30078105</controlfield>
         <controlfield tag="003">RISM</controlfield>
         <controlfield tag="005">20160216</controlfield>
         <controlfield tag="008">160216n||az|||||||##########||||||||||||</controlfield>
         <datafield tag="040" ind1=" " ind2=" ">
            <subfield code="a">F-TLad</subfield>
         </datafield>
         <datafield tag="043" ind1=" " ind2=" ">
            <subfield code="c">FR</subfield>
         </datafield>
         <datafield tag="110" ind1="2" ind2=" ">
            <subfield code="a">Archives départementales de la Haute-Garonne</subfield>
            <subfield code="c">Toulouse</subfield>
            <subfield code="g">F-TLad</subfield>
         </datafield>
         <datafield tag="622" ind1=" " ind2=" ">
            <subfield code="e">Archives départementales de la,  Haute-Garonne, 11 boulevard Griffoul-Dorval, 31400 Toulouse, France</subfield>
            <subfield code="u">http://www.archives.cg31.fr/index.html</subfield>
         </datafield>
      </record>