
      <record>
         <leader>00000nz  a2200169   4500</leader>
         <controlfield tag="001">30001509</controlfield>
         <controlfield tag="003">RISM</controlfield>
         <controlfield tag="005">20160216</controlfield>
         <controlfield tag="008">160216n||az|||||||##########||||||||||||</controlfield>
         <datafield tag="040" ind1=" " ind2=" ">
            <subfield code="a">F-TLd</subfield>
         </datafield>
         <datafield tag="043" ind1=" " ind2=" ">
            <subfield code="c">XA-FR</subfield>
         </datafield>
         <datafield tag="110" ind1="2" ind2=" ">
            <subfield code="a">Musée Dupuy</subfield>
            <subfield code="c">Toulouse</subfield>
            <subfield code="g">F-TLd</subfield>
         </datafield>
         <datafield tag="410" ind1="2" ind2=" ">
            <subfield code="a">Musée Paul-Dupuy</subfield>
         </datafield>
         <datafield tag="622" ind1=" " ind2=" ">
            <subfield code="e">Musée Dupuy, 13 Rue de la Pleau, F-31 Toulouse</subfield>
         </datafield>
      </record>