
      <record>
         <leader>00000nz  a2200169   4500</leader>
         <controlfield tag="001">30001510</controlfield>
         <controlfield tag="003">RISM</controlfield>
         <controlfield tag="005">20160216</controlfield>
         <controlfield tag="008">160216n||az|||||||##########||||||||||||</controlfield>
         <datafield tag="040" ind1=" " ind2=" ">
            <subfield code="a">F-TLm</subfield>
         </datafield>
         <datafield tag="043" ind1=" " ind2=" ">
            <subfield code="c">XA-FR</subfield>
         </datafield>
         <datafield tag="110" ind1="2" ind2=" ">
            <subfield code="a">Bibliothèque municipale, Bibliothèque et du Patrimoine</subfield>
            <subfield code="c">Toulouse</subfield>
            <subfield code="g">F-TLm</subfield>
         </datafield>
         <datafield tag="622" ind1=" " ind2=" ">
            <subfield code="e">Bibliothèque municipale, Bibliothèque, et du Patrimoine, 1 Rue de Périgord, F-31 Toulouse</subfield>
         </datafield>
      </record>