
      <record>
         <leader>00000nz  a2200169   4500</leader>
         <controlfield tag="001">30003380</controlfield>
         <controlfield tag="003">RISM</controlfield>
         <controlfield tag="005">20160216</controlfield>
         <controlfield tag="008">160216n||az|||||||##########||||||||||||</controlfield>
         <datafield tag="040" ind1=" " ind2=" ">
            <subfield code="a">F-TOul</subfield>
         </datafield>
         <datafield tag="043" ind1=" " ind2=" ">
            <subfield code="c">XA-FR</subfield>
         </datafield>
         <datafield tag="110" ind1="2" ind2=" ">
            <subfield code="a">Bibliothèque Universitaire, Section Lettres</subfield>
            <subfield code="c">Tours</subfield>
            <subfield code="g">F-TOul</subfield>
         </datafield>
         <datafield tag="622" ind1=" " ind2=" ">
            <subfield code="e">Bibliothèque Universitaire, Section, Lettres, Place Anatole-France, F-37 Tours</subfield>
         </datafield>
      </record>