
      <record>
         <leader>00000nz  a2200169   4500</leader>
         <controlfield tag="001">30075944</controlfield>
         <controlfield tag="003">RISM</controlfield>
         <controlfield tag="005">20160216</controlfield>
         <controlfield tag="008">160216n||az|||||||##########||||||||||||</controlfield>
         <datafield tag="040" ind1=" " ind2=" ">
            <subfield code="a">F-TOULmm</subfield>
         </datafield>
         <datafield tag="043" ind1=" " ind2=" ">
            <subfield code="c">XA-FR</subfield>
         </datafield>
         <datafield tag="110" ind1="2" ind2=" ">
            <subfield code="a">Médiathèque municipale</subfield>
            <subfield code="c">Toul</subfield>
            <subfield code="g">F-TOULmm</subfield>
         </datafield>
         <datafield tag="622" ind1=" " ind2=" ">
            <subfield code="e">Médiathèque municipale, 9, rue de Hamm, F -  54201 Toul</subfield>
         </datafield>
      </record>