
      <record>
         <leader>00000nz  a2200169   4500</leader>
         <controlfield tag="001">30003383</controlfield>
         <controlfield tag="003">RISM</controlfield>
         <controlfield tag="005">20160216</controlfield>
         <controlfield tag="008">160216n||az|||||||##########||||||||||||</controlfield>
         <datafield tag="040" ind1=" " ind2=" ">
            <subfield code="a">F-TOUs</subfield>
         </datafield>
         <datafield tag="043" ind1=" " ind2=" ">
            <subfield code="c">XA-FR</subfield>
         </datafield>
         <datafield tag="110" ind1="2" ind2=" ">
            <subfield code="a">Société des Amis du Vieux Toulon</subfield>
            <subfield code="c">Toulon</subfield>
            <subfield code="g">F-TOUs</subfield>
         </datafield>
         <datafield tag="622" ind1=" " ind2=" ">
            <subfield code="e">Société des Amis du Vieux Toulon, 69 Cours Lafayette, F-83 Toulon</subfield>
         </datafield>
      </record>