
      <record>
         <leader>00000nz  a2200169   4500</leader>
         <controlfield tag="001">30001511</controlfield>
         <controlfield tag="003">RISM</controlfield>
         <controlfield tag="005">20160216</controlfield>
         <controlfield tag="008">160216n||az|||||||##########||||||||||||</controlfield>
         <datafield tag="040" ind1=" " ind2=" ">
            <subfield code="a">F-V</subfield>
         </datafield>
         <datafield tag="043" ind1=" " ind2=" ">
            <subfield code="c">XA-FR</subfield>
         </datafield>
         <datafield tag="110" ind1="2" ind2=" ">
            <subfield code="a">Bibliothèque municipale</subfield>
            <subfield code="c">Versailles</subfield>
            <subfield code="g">F-V</subfield>
         </datafield>
         <datafield tag="622" ind1=" " ind2=" ">
            <subfield code="e">Bibliothèque municipale, 5, rue de l'Indépendance Américaine, 78000 Versailles, France</subfield>
            <subfield code="u">http://www.bibliotheques.versailles.fr/Statique/index.htm</subfield>
         </datafield>
      </record>