
      <record>
         <leader>00000nz  a2200169   4500</leader>
         <controlfield tag="001">30006042</controlfield>
         <controlfield tag="003">RISM</controlfield>
         <controlfield tag="005">20160216</controlfield>
         <controlfield tag="008">160216n||az|||||||##########||||||||||||</controlfield>
         <datafield tag="040" ind1=" " ind2=" ">
            <subfield code="a">F-VICpm</subfield>
         </datafield>
         <datafield tag="043" ind1=" " ind2=" ">
            <subfield code="c">XA-FR</subfield>
         </datafield>
         <datafield tag="110" ind1="2" ind2=" ">
            <subfield code="a">Centre d'Etudes et de Recherches "Patrimoine Musical", Bibliothèque d'Orchestre</subfield>
            <subfield code="c">Vichy</subfield>
            <subfield code="g">F-VICpm</subfield>
         </datafield>
      </record>