
      <record>
         <leader>00000nz  a2200169   4500</leader>
         <controlfield tag="001">30075945</controlfield>
         <controlfield tag="003">RISM</controlfield>
         <controlfield tag="005">20160216</controlfield>
         <controlfield tag="008">160216n||az|||||||##########||||||||||||</controlfield>
         <datafield tag="040" ind1=" " ind2=" ">
            <subfield code="a">F-VLFfm</subfield>
         </datafield>
         <datafield tag="043" ind1=" " ind2=" ">
            <subfield code="c">XA-FR</subfield>
         </datafield>
         <datafield tag="110" ind1="2" ind2=" ">
            <subfield code="a">Médiathèque municipale François Mitterand</subfield>
            <subfield code="c">Vitry-Le-François</subfield>
            <subfield code="g">F-VLFfm</subfield>
         </datafield>
         <datafield tag="622" ind1=" " ind2=" ">
            <subfield code="e">Médiathèque municipale François, Mitterand, 2, rue Maître Edme, F -  51300 Vitry-Le-François</subfield>
         </datafield>
      </record>