
      <record>
         <leader>00000nz  a2200169   4500</leader>
         <controlfield tag="001">30006652</controlfield>
         <controlfield tag="003">RISM</controlfield>
         <controlfield tag="005">20160216</controlfield>
         <controlfield tag="008">160216n||az|||||||##########||||||||||||</controlfield>
         <datafield tag="040" ind1=" " ind2=" ">
            <subfield code="a">F-VLm</subfield>
         </datafield>
         <datafield tag="043" ind1=" " ind2=" ">
            <subfield code="c">XA-FR</subfield>
         </datafield>
         <datafield tag="110" ind1="2" ind2=" ">
            <subfield code="a">Médiathèque départementale de la Drôme Valence</subfield>
            <subfield code="c">Valence</subfield>
            <subfield code="g">F-VLm</subfield>
         </datafield>
         <datafield tag="622" ind1=" " ind2=" ">
            <subfield code="e">Médiathèque départementale de la Drô, Valence, 76, chemin de la Forêt, F-26000 Valence</subfield>
         </datafield>
      </record>