
      <record>
         <leader>00000nz  a2200169   4500</leader>
         <controlfield tag="001">30006095</controlfield>
         <controlfield tag="003">RISM</controlfield>
         <controlfield tag="005">20160216</controlfield>
         <controlfield tag="008">160216n||az|||||||##########||||||||||||</controlfield>
         <datafield tag="040" ind1=" " ind2=" ">
            <subfield code="a">F-Vmb</subfield>
         </datafield>
         <datafield tag="043" ind1=" " ind2=" ">
            <subfield code="c">F</subfield>
         </datafield>
         <datafield tag="110" ind1="2" ind2=" ">
            <subfield code="a">Centre de Musique Baroque (Bibliothèque Sébastien de Brossard)</subfield>
            <subfield code="c">Versailles</subfield>
            <subfield code="g">F-Vmb</subfield>
         </datafield>
         <datafield tag="622" ind1=" " ind2=" ">
            <subfield code="e">Centre de Musique Baroque (Bibliothèque,  Sébastien de Brossard), 22, av. de Paris, 78000 Versailles, France</subfield>
            <subfield code="u">http://www.cmbv.com</subfield>
         </datafield>
      </record>